2926 4849
624 478 778 555 20⁴2

520 683 708 763 olim
732 679 1018 769 Judicis
1049 680 1320 765 Curiae
1353 695 1659 761 nostrae
1694 681 1944 785 regiae
1966 735 1991 772 ,
2024 700 2190 761 mee
2223 706 2383 759 nou
2419 678 2727 785 Magni-

519 788 679 869 ficis
722 786 1148 894 Stephano,
1200 789 1354 866 filio
1386 787 1568 865 dicti
1609 789 1928 865 condam
1965 784 2290 865 Ladislai
2338 788 2433 864 de
2482 816 2722 895 prae-

518 899 668 975 sata
730 897 824 973 de
875 896 1191 995 Rozgon
1248 895 1828 992 Themesiensis,
1899 898 2138 976 altero
2206 895 2586 1000 Stephano
2638 915 2723 973 et

519 1005 890 1107 Geor-gio,
949 1002 1114 1085 filiis
1161 1000 1467 1083 antefati
1507 1002 1827 1081 condam
1862 1004 2187 1081 Comitis.
2219 1003 2549 1079 Simonis
2578 1007 2720 1079 Po·

514 1113 924 1204 seniensis,
969 1110 1469 1187 comitatuum
1523 1110 1968 1201 comitibus,
2028 1114 2101 1188 in
2144 1109 2523 1186 nonnullis
2565 1139 2725 1193 no·-

514 1239 680 1301 stris
721 1237 810 1313 ,eq
849 1245 1260 1323 regnorum
1314 1236 1753 1301 nostrorum
1807 1218 2407 1323 praedictorum,
2468 1216 2727 1291 arduis

517 1325 822 1431 agendis
869 1345 948 1403 et
992 1324 1252 1417 validis
1295 1325 1904 1428 expeditionibus
1940 1352 2113 1403 cum
2153 1327 2360 1401 omni
2395 1326 2727 1400 sinceri-

517 1437 683 1509 tatis
721 1431 905 1508 Zelo
931 1440 1018 1508 'et
1055 1433 1553 1509 sollicitudine
1584 1432 1991 1527 indefessa,
2023 1462 2068 1508 a
2103 1435 2511 1509 iuuentutis
2538 1457 2723 1508 suae

518 1560 856 1644 tempore
901 1566 1131 1643 vsque
1186 1542 1265 1619 in
1313 1544 1934 1644 praesentiarum,
1989 1569 2087 1616 ex
2128 1558 2291 1617 toto
2327 1539 2577 1617 cordis
2604 1542 2726 1614 sui

495 1644 944 1743 'desideri-o,
997 1665 1311 1746 totoque
1366 1673 1507 1725 suo
1554 1673 1813 1752 posse,
1891 1646 2076 1725 locis
2129 1664 2209 1724 et.
2252 1644 2725 1750 temporibus
2830 1730 2846 1738 ,

521 1780 811 1835 summe
848 1754 1277 1833 incumben.
1316 1782 1470 1831 non
1506 1757 1663 1830 sine
1696 1780 2190 1880 expensarum
2223 1780 2525 1830 suarum
2562 1752 2725 1854 plu·

520 1863 856 1955 ralitate,
910 1888 1076 1939 suas
1126 1880 1203 1938 et
1245 1862 1504 1937 Vand
1531 1864 1668 1937 eri
1714 1867 1827 1938 sui
1888 1881 2143 1965 gentes
2188 1861 2722 1944 exercituales,

518 1983 690 2044 cum
728 1970 1050 2074 propriis
1090 1972 1236 2045 suis
1272 1972 1693 2074 sumptibus
1735 1989 1811 2047 et
1848 1972 2196 2074 expensis
2235 1966 2598 2062 leuand0,
2644 1988 2723 2044 et

517 2074 614 2150 ad
658 2078 893 2153 varias
932 2096 1220 2154 nostras
1260 2078 1750 2155 exercituales
1794 2075 2310 2181 expeditiones
2376 2102 2513 2178 per
2579 2100 2726 2150 nos

521 2178 978 2287 quandoque
1015 2212 1156 2286 pro
1173 2185 1690 2308 opprimenda
1715 2186 2264 2259 senissimorum
2299 2184 2721 2259 Turcarum

520 2292 756 2368 totius
792 2292 1358 2366 Ch1istianit‘atis
1418 2290 1835 2368 crudelium
1889 2292 2367 2366 inimicorum
2414 2308 2720 2390 proter·

409 2455 419 2466 .
516 2397 688 2491 uia,
783 2396 1241 2499 quandoque
1293 2423 1479 2476 vero
1534 2429 1675 2503 pro
1720 2399 2171 2502 extirpandis
2214 2398 2720 2504 perfidissimis

519 2506 837 2583 Hussitis
860 2560 883 2599 ,
943 2525 1132 2607 puta
1147 2506 1497 2583 Bobemis
1533 2527 1611 2584 et
1639 2509 2005 2592 Morauis,
2062 2506 2508 2582 haeteticam
2544 2533 2719 2608 pra-

517 2612 849 2689 uitatem
843 2613 1293 2690 fouentibus
1332 2633 1406 2690 et
1451 2614 1929 2716 diligentibus
1966 2645 2077 2676 -1
2111 2655 2216 2669 ·-—
2267 2615 2721 2706 instauratis,

520 2720 729 2796 iuxta
784 2738 1082 2796 nostrae
1140 2720 1553 2798 Maiestatis
1600 2722 2028 2798 mandatum
2099 2723 2719 2810 transmittenda,

515 2842 661 2931 pto
696 2829 935 2903 nostri
977 2830 1165 2929 regii
1207 2817 1512 2906 honoris
1571 2833 2057 2924 exaltatione,
2114 2850 2190 2906 et
2258 2831 2526 2905 tuenda
2568 2825 2725 2902 {ide

522 2931 896 3021 Catholica
927 2935 1208 3009 nobis
1187 2963 1266 3011 ιιι
1319 2935 1513 3013 faeie
1550 2939 1729 3013 dicti
1762 2939 1973 3039 regni
2006 2942 2237 3012 nostri
2294 2937 2726 3040 Hungariae

524 3040 872 3118 Coronae
908 3041 1251 3118 exhibitis
1285 3066 1360 3121 et
1393 3047 1787 3147 impensis3
1842 3065 1918 3120 et
1952 3044 2176 3119 licet
2148 3070 2314 3167 ‘lpse
2360 3046 2730 3120 Dominus

523 3146 695 3225 Pett-
680 3175 787 3222 ·us
827 3150 1240 3253 Episcopus
1282 3152 1748 3254 exigentibus
1789 3153 2202 3255 praemissis
2240 3150 2727 3226 laudabilium

522 3280 833 3331 suorum
875 3257 1421 3358 obsequiorum
1452 3261 1778 3354 meritis,
1835 3260 2075 3333 multo
2120 3261 2403 3335 maiora
2439 3260 2732 3334 antido-

518 3378 769 3439 torum
812 3367 1141 3466 praemia
1184 3394 1225 3439 a
1260 3383 1518 3442 nostra
1560 3369 1944 3442 Maiestate
1977 3386 2353 3442 mereatur
2389 3385 2731 3471 reporto-

499 3497 654 3563 ‘re,
687 3467 1054 3546 volentes
1088 3491 1335 3549 tamen
1375 3473 1929 3577 aliquantisper
1968 3498 2167 3547 nune
2208 3477 2398 3549 votis
2422 3477 2571 3550 suis
2607 3502 2731 3549 re·

521 3577 936 3681 spondere,
989 3579 1082 3653 ad
1125 3579 1462 3656 eiusdem
1498 3583 1799 3655 Domini
1841 3581 2040 3654 Eetri
2084 3579 2439 3686 Episcopi
2494 3583 2733 3686 Agri-

521 3689 712 3760 ensis
747 3685 1195 3761 humillimae
1234 3687 1802 3791 supplicationis
1844 3690 2264 3763 instantiam
2359 3716 2439 3762 er
2484 3692 2732 3793 ipsum

519 3810 818 3867 nostrae
853 3771 1226 3871 maiestati
1272 3796 1651 3871 humiliter
1721 3813 1796 3870 et
1868 3793 2141 3871 deuote
2197 3797 2295 3871 ob
2330 3817 2528 3890 atae,
2586 3824 2733 3899 pro

352 3897 361 3905 ’
432 3959 436 3964 .
525 3898 965 3975 fundatione
1019 3922 1099 3979 et
1160 3903 1541 3979 dotatione
1596 3903 1983 3978 cuiusdam
2044 3904 2423 4006 Capellae,
2504 3931 2735 4006 quam

521 4002 721 4082 idem
773 4010 1134 4084 Dominus
1179 4012 1438 4086 Petrus
1478 4014 1931 4116 Episcopus,
1989 4008 2079 4083 ad
2116 4010 2299 4087 latus
2340 4012 2736 4086 Cathedra-

516 4112 606 4194 lis
651 4113 1027 4192 Ecclesiae
1084 4144 1259 4194 suae
1314 4120 1703 4220 Agriensis
1758 4115 2179 4220 praedictae
2235 4121 2310 4193 in
2364 4118 2735 4195 honorem

519 4218 847 4325 Virginis
885 4225 1254 4330 gloriosae
1288 4229 1503 4305 Zelo
1526 4226 1953 4324 deuotionis
1980 4249 2341 4306 aecensus
2384 4244 2739 4306 constru-
