2926 4849
468 541 492 579 δ

655 503 757 574 34

531 712 820 802 rentioa,
875 710 969 785 de
1036 709 1204 785 villa
1266 710 1694 800 Quesereu,
1753 710 1847 785 ad
1901 675 2256 794 iudicium
2315 708 2491 784 ferri
2544 737 2732 785 can-

530 821 774 895 dentis
833 818 1049 909 misit·
1087 812 1597 910 Varadinum3
1668 816 1794 892 vbi
1863 816 2107 894 taliter
2167 835 2728 894 conuenerunt:

533 926 732 1030 quod
779 924 1133 1028 praedicti
1174 944 1581 1002 castrenses
1634 918 1898 1000 darent
1939 923 2291 1029 praefatis
2330 921 2730 1028 Jobbagio-

448 1034 459 1061 “
530 1033 744 1108 nibus
807 1034 1347 1135 quinquaginta
1402 1050 1478 1107 et
1528 1052 1678 1108 tres
1736 1034 2012 1123 boues,
2067 1030 2314 1106 Judici
2360 1052 2606 1108 autem
2653 1047 2733 1107 et

529 1139 889 1217 Pristaldo
961 1148 1275 1241 ‘viraque
1336 1162 1510 1243 pars
1566 1137 1784 1215 simul
1845 1137 2374 1215 satisfaceret.“
2431 1139 2618 1216 Ibid.
2657 1139 2727 1237 ᾧ.

531 1252 705 1322 194.
763 1247 1080 1340 „Comes
1119 1248 1537 1351 sigillo-suo
1601 1268 1946 1336 omnem,
1995 1263 2296 1349 praeter
2361 1236 2724 1323 clericum*

516 1370 591 1430 et
615 1356 1004 1447 comitem,
1041 1358 1268 1430 citare
1317 1356 1638 1455 possit.“·
1671 1350 1752 1427 S.
1792 1353 2170 1428 Ladislaus
2211 1354 2427 1428 Decr.
2468 1355 2553 1429 L.
2591 1356 2721 1429 ΠΙ.

513 1443 674 1562 cap'.
721 1471 846 1541 25.
884 1461 1173 1538 Colom.
1220 1462 1439 1536 Decr.
1497 1464 1552 1537 I.
1608 1486 1769 1562 cap.
1823 1470 1945 1536 14.
2003 1457 2348 1569 Sigillum
2405 1460 2719 1536 Comitis

512 1570 888 1661 reiiciens,
946 1571 1245 1662 citatuS,
1303 1586 1655 1641 nummos
1687 1585 1989 1642 centum
2022 1568 2172 1641 luat
2210 1563 2287 1642 S.
2323 1567 2504 1642 Lad.
2529 1570 2712 1645 Dec.

507 1674 591 1751 L.
638 1678 685 1748 1.
725 1701 883 1779 cap.
918 1683 1042 1753 42.
1084 1681 1147 1766 ξ.
1183 1685 1251 1750 1.
1293 1672 1481 1747 Illud
1523 1693 2002 1767 contemnens
2035 1676 2288 1776 primo
2324 1700 2410 1751 ac
2449 1701 2710 1750 seeun-

506 1778 605 1857 do
639 1782 713 1855 in
759 1784 1096 1886 quinque
1135 1783 1378 1886 pensis
1419 1779 1963 1872 mulctabatur,
2019 1798 2093 1854 et
2128 1782 2353 1855 tertio
2408 1806 2706 1859 causam

500 1889 882 1966 amittebat
916 1906 993 1965 et
1027 1887 1446 1964 radebatur.
1520 1889 1692 1961 Fuit
1731 1914 1988 1962 eorum
2034 1884 2469 1963 Jurisdictio
2512 1890 2708 1965 sub-

498 1995 574 2070 i'n
595 2013 1009 2071 coarctata:
1070 1996 1448 2087 „Comites
1489 1989 1918 2071 Parochian'i
1960 1992 2706 2099 praediaSeruienti-

499 2127 629 2177 um
688 2128 840 2175 non
900 2102 1330 2193 discutiant,
1385 2101 1528 2174 nisi
1588 2124 1800 2175 causa
1862 2119 2322 2177 monetarum
2362 2128 2450 2175 ac
2499 2103 2704 2179 deci-

498 2211 856 2283 marum.“
915 2211 1133 2283 Decr.
1172 2207 1359 2282 And.
1403 2233 1519 2282 an.
1572 2214 1797 2282 1222.
1823 2226 1973 2282 ‘arn
2029 2216 2099 2282 5.
2162 2204 2500 2287 Officium
2558 2211 2704 2286 ffiit

496 2313 736 2418 Regi,
791 2333 915 2390 aut
943 2313 1459 2418 Vicesgerenti
1488 2369 1508 2407 ,
1564 2313 1740 2388 dum
1778 2341 1913 2415 per
1959 2316 2372 2411 Comitatus
2413 2316 2699 2392 iudica·-

493 2421 664 2524 ξεῖ,
721 2424 1089 2498 assistere:
1171 2420 1522 2516 „Judices
1583 2422 1947 2522 megales,
2026 2449 2156 2499 seu
2215 2414 2700 2500 territoriales

494 2526 684 2621 dun,
737 2531 890 2631 regi
933 2530 1381 2612 territorium
1432 2528 1744 2604 Comitis
1789 2530 2133 2621 intranti,
2190 2529 2280 2604 ad
2325 2531 2696 2607 dirimen-

494 2634 625 2710 das
663 2635 825 2710 lites
857 2661 935 2711 se
977 2635 1449 2739 adiungent.“
1510 2635 1799 2712 Colum.
1845 2637 2062 2732 Decr.
2105 2636 2230 2712 lib.
2261 2637 2325 2715 I.
2365 2664 2524 2740 cap.
2564 2637 2691 2712 57.

494 2742 774 2818 Causae
831 2742 919 2818 ad
978 2745 1275 2818 Curiam
1334 2744 1611 2847 regiam
1666 2743 2113 2847 appellatae,
2190 2743 2522 2836 decisae,
2595 2743 2690 2819 ad

498 2874 698 2950 ipsos
728 2851 1075 2926 remissae
1129 2866 1302 2934 sunt
1337 2849 1819 2950 exequendae
1857 2849 1982 2922 III.
2027 2859 2091 2926 7.
2132 2849 2193 2948 §.
2226 2861 2290 2926 1.
2319 2858 2440 2926 23.
2474 2850 2690 2924 Man-2

499 2954 665 3030 data
729 2960 941 3033 etiam
997 2957 1201 3062 regia
1259 2976 1399 3061 per
1445 2958 1644 3060 ipsos
1700 2956 2189 3035 Comitatibus
2270 2958 2688 3062 publicata:

508 3062 599 3137 V.
632 3064 1011 3140 Codicem.
1072 3097 1078 3103 ·

695 3168 802 3269 b.)
837 3174 1104 3247 Comes
1138 3168 1630 3247 Parochianus
1659 3170 2026 3265 decimas»,
2059 3171 2455 3266 collectas‚
2495 3200 2686 3248 mar-

420 3295 427 3302 ’
509 3277 814 3363 turinaS,
889 3278 1166 3352 liberos
1239 3275 1624 3374 denarios,
1700 3278 2014 3371 telonia,
2099 3278 2375 3355 tributa
2432 3279 2581 3357 fori
2637 3307 2685 3352 a

507 3383 1086 3487 prouincialibus
1125 3394 1496 3485 coegerat,
1512 3409 1597 3460 ac
1615 3394 2012 3462 necessaria
2031 3385 2122 3460 ad
2156 3404 2470 3463 castrum
2485 3413 2683 3464 con·-

507 3490 951 3568 seruandum
995 3490 1332 3567 seruitia:
1389 3494 1698 3584 „Quiuis
1719 3494 1988 3568 Comes
2027 3494 2102 3566 in
2148 3491 2512 3570 Comitatu
2543 3521 2683 3572 suo

379 3637 384 3643 ⁴
512 3598 802 3673 tertiam
849 3598 1129 3702 vbique
1166 3615 1451 3700 partem
1486 3597 1753 3673 habeat
1781 3600 1874 3676 de
1917 3601 2238 3695 tributo3
2292 3603 2458 3676 Rex
2498 3627 2683 3679 vero

474 3703 599 3779 *ad
649 3705 948 3808 plenum
1001 3706 1095 3781 de
1135 3702 1416 3787 tributo
1458 3708 1790 3781 omnium
1844 3709 2172 3782 similiter
2207 3703 2389 3781 duas
2441 3727 2688 3811 partes

513 3809 796 3887 habeat.
830 3851 937 3870 --
976 3812 1262 3914 Singuli
1313 3812 1680 3908 Comites,
1739 3842 1876 3917 per
1939 3839 2463 3919 quemcunque
2511 3843 2686 3893 suo-

506 3942 679 3994 rum
727 3920 1134 4012 voluerint,
1193 3920 1578 4017 denarios,
1635 3925 1764 4024 qui
1805 3949 1942 4027 per
1975 3922 2348 3995 vniuersas
2385 3921 2687 4028 Hunga·

506 4025 659 4101 riae
699 4042 946 4130 partes
993 4027 1479 4129 colliguntur,
1537 4049 1897 4133 quantum
1934 4052 2159 4131 super
2190 4035 2336 4103 vfno
2375 4043 2694 4133 quoque

505 4136 923 4210 centuriatu
980 4135 1375 4212 collectum
1436 4137 1716 4226 fuerit,
1783 4134 2220 4211 nominatim
2275 4134 2414 4211 sub
2466 4155 2684 4216 certo

496 4241 905 4319 scribentes
943 4261 1301 4336 numero,
1355 4237 1815 4345 strigonium
1862 4240 1953 4316 ad
2000 4241 2269 4318 festum
2316 4265 2550 4345 voque
2591 4242 2673 4320 S.
2712 4233 2722 4239 ’
