2926 4849
2104 474 2261 548 433

198 704 891 814 taffissrnesentium
925 720 1148 803 quam
1192 691 1616 780 futurorum
1670 683 2005 766 notitiam
2022 735 2051 774 ,
2107 678 2370 762 harum

194 819 391 893 serie
436 816 774 890 volumus
811 803 1264 912 'pei-uenire:-
1309 795 1536 886 Quod
1581 792 1737 869 Nos
1772 788 2250 866 consideratis
2292 789 2371 866 fl-

195 919 663 1011 delitatibus,
720 934 795 991 et
826 911 1147 988 fidelium
1188 905 1670 981 seruitiorum
1723 896 2048 989 meritis,
2102 893 2371 974 Fidelis

187 1031 489 1122 Nostri,
543 1024 831 1101 Nicolai
867 1014 1216 1103 Literati,
1268 1009 1396 1084 filii
1437 1005 1752 1083 Ladislai
1791 1001 1866 1076 fil
1873 1030 1923 1104 y
1977 999 2221 1078 Petew
2272 1001 2368 1079 de

162 1136 449 1225 'Mera,
506 1133 784 1235 quibus
819 1130 984 1230 Ipse
1025 1127 1104 1195 in
1150 1116 1457 1195 diuersis
1492 1110 1796 1205 nostris,
1850 1126 1928 1184 et
1960 1108 2201 1211 Regni
2234 1109 2395 1183 no-'
2431 1145 2436 1150 ·

184 1243 323 1319 stri
369 1237 673 1344 agendis
705 1227 1326 1337 signanterque-in
1357 1214 1930 1320 exercitualibus
1973 1205 2391 1316 expeditio?
2480 1219 2491 1233 “

185 1350 457 1440 nibus,
511 1347 713 1419 iuxta
749 1364 921 1415 suae
968 1327 1477 1439 possibilitatis,
1514 1323 1948 1425 exigentiam
1997 1317 2367 1395 Maiestati

190 1472 494 1531 nostrae
509 1448 805 1539 studuit,
836 1435 1002 1547 eoq.
1027 1445 1103 1516 in
1133 1452 1348 1512 antea
1364 1428 1697 1511 studebit
1712 1429 1935 1529 magis
1956 1426 2369 1530 complace·
2395 1485 2401 1516 2

185 1588 274 1637 re
303 1617 325 1656 ,
386 1557 544 1662 quo
594 1580 715 1646 se,
775 1557 854 1628 'et
913 1573 1088 1626 suos
1142 1535 1638 1643 singularibus
1688 1533 2062 1609 honorum
2114 1531 2366 1636 gratiis

183 1669 459 1745 sentiet
498 1661 663 1739 fore
702 1658 1118 1734 decoratos.
1173 1650 1374 1725 Haec
1412 1646 1687 1735 Arma,
1761 1638 1895 1715 seu
1944 1636 2370 1715 Nobilitatis

185 1773 530 1874 insignia,
561 1772 636 1843 in
679 1766 1043 1867 principio
1063 1816 1087 1853 ‚
1117 1781 1253 1835 seu
1282 1755 1539 1856 Capite
1570 1735 2063 1855 praesentium
2095 1743 2402 1820 Literna

182 1906 354 1956 rum
401 1892 823 1952 nostrarum
859 1867 1225 1968 descripta
1249 1916 1273 1956 ,
1330 1877 1408 1935 et
1448 1873 1611 1932 arte
1662 1848 1979 1959 pictoria
2025 1847 2375 1953 figurata,

178 2013 270 2062 ac
317 1980 745 2068 distinctius
812 2002 906 2051 ex
960 1998 1164 2052 ressa
1179 2022 1211 2060 ‚‚
1271 1962 1607 2071 praefato
1649 1956 1962 2035 Nicolao
2000 1953 2373 2056 Literato,

182 2110 263 2168 et
307 2116 453 2196 per
485 2114 653 2164 eum
700 2003 1038 2159 Ladislao
1095 2070 1385 2151 Carnali
1405 2126 1426 2165 ,
1485 2083 1564 2142 et
1625 2063 1963 2166 Philippo
1976 2061 2165 2154 ,filio
2206 2059 2378 2139 'Mi-

183 2196 475 2275 cbafilis
504 2193 597 2269 de
634 2188 904 2268 eadem.
930 2188 1144 2262 Mera
1175 2163 2164 2264 condiuisionali,ifratr'ibus
2197 2169 2391 2263 suis,

176 2306 669 2411 ipsorumque
711 2291 1199 2384 haeredibus,
1254 2303 1332 2360 et
1374 2277 1736 2366 vniuersis
1768 2272 2016 2349 animo
2073 2269 2371 2350 delibe-

174 2429 343 2488 rato
387 2429 465 2486 et
503 2436 597 2484 ex
616 2420 815 2487 certa
849 2401 1164 2478 Nostrae
1199 2388 1603 2468 Maiestatis
1641 2379 1966 2457 Scientia
2002 2379 2364 2475 dedimus,

172 2517 659 2606 domuimus,
716 2530 792 2586 et
825 2505 1310 2594 contulimus,
1339 2500 1497 2571 imo
1527 2491 1621 2567 de
1658 2486 2174 2563 abundantiori
2210 2485 2365 2591 ple·
2408 2528 2411 2531 ·
2486 2476 2493 2485 ’

172 2623 516 2702 nitudine
568 2622 881 2695 Nostrae
940 2607 1297 2716 Specialis
1352 2599 1631 2705 gratiae
1702 2591 2199 2687 conferimus,
2283 2608 2362 2669 et

168 2726 693 2838 praesentibus
736 2714 1168 2820 elargimur,
1240 2729 1326 2788 ut
1373 2706 1566 2812 Ipsi,
1620 2718 2040 2805 cunctaque
2091 2725 2357 2774 eorum
2425 2781 2439 2793 ‚

165 2839 567 2944 posteritas
597 2829 969 2937 praedicta
1006 2848 1238 2913 arma,
1293 2837 1506 2891 more
1546 2811 1907 2902 aliorum,
1958 2809 2181 2881 armis
2216 2804 2352 2880 hu-

166 2941 495 3020 iusmodi
538 2937 942 3025 vtentium,
975 2958 1018 3005 a
1047 2924 1271 3005 modo
1311 2924 1389 2995 in
1428 2935 1643 2995 antea
1687 2911 1968 3018 vbique
2000 2912 2080 2987 in
2122 2934 2353 3014 prae·-

73 3116 78 3119 .
162 3052 285 3126 liis
313 3107 336 3139 ‚
391 3042 792 3122 hastiludiis
836 3096 859 3133 ,
906 3027 1472 3119 torneamentis,
1519 3021 1816 3110 duellis,
1871 3035 1950 3094 et
1982 3017 2142 3091 aliis
2180 3018 2341 3117 qui·

162 3155 503 3234 buslibet
536 3149 948 3235 exercitiis,
983 3137 1380 3239 Nobilibus
1407 3131 1725 3217 scilieet,
1764 3139 1842 3201 et
1869 3119 2340 3220 Militaribus,
2372 3144 2375 3145 *

158 3288 312 3341 nec
351 3287 502 3336 non
537 3257 823 3361 sigillis,
879 3249 1207 3339 annulis,
1261 3237 1595 3328 cortinis,
1646 3231 1828 3311 velis
1852 3286 1876 3326 ,
1930 3226 2335 3336 papilioni-

160 3371 349 3462 bus,
407 3384 484 3443 et
512 3361 945 3470 generaliter
992 3359 1067 3431 in
1102 3343 1605 3457 quarumlibet
1640 3363 1898 3417 rerum
1920 3392 1944 3433 ,
1996 3352 2075 3412 et
2110 3348 2370 3437 προσ,
2402 3371 2409 3378 ·

157 3477 536 3554 ditionum
575 3465 1010 3576 generibus,
1058 3463 1201 3537 sub
1242 3477 1531 3545 merae,
1585 3464 1663 3523 et
1692 3446 2025 3523 sincerae
2082 3440 2347 3516 Nobi-z

155 3582 386 3659 litatis
420 3580 634 3657 titulo
672 3591 954 3678 gestare
998 3565 1425 3668 eisdemque
1483 3554 1592 3632 vti
1612 3609 1636 3650 ,
1689 3551 1879 3640 frui,
1937 3565 2015 3628 et
2047 3546 2335 3651 gaude-

158 3716 244 3766 re
293 3686 624 3772 valeant,
679 3678 901 3786 atque
936 3676 1258 3780 possint3
1282 3761 1288 3769 ι
1314 3660 1670 3771 quodque
1707 3657 1974 3749 iidem,
2016 3679 2103 3731 ac
2132 3653 2342 3758 ipso-r

156 3823 336 3871 rum
391 3791 780 3898 posteritas
805 3786 1075 3861 eisdem
1108 3766 1803 3883 gratiishonoribus
1828 3786 1915 3839 ae
1959 3759 2330 3837 libertati-

157 3900 346 3992 bus,
377 3897 644 4002 quibus
684 3891 955 3972 caeteri
990 3885 1339 3976 Nobiles,
1372 3877 1686 3967 Milites,
1726 3887 1801 3946 et
1835 3869 2151 3967 clientes
2180 3868 2331 3944 Re·

164 4010 297 4112 gni
322 4006 553 4081 nostri
578 4060 598 4096 ,
651 3987 1330 4078 armis‘buiusmodi
1363 3997 1671 4061 ‘vtentes
1710 3971 2349 4079 quomodolibet,7

125 4110 739 4200 ‚consuetudinffi
790 4100 1036 4181 vel‘de
1073 4101 1235 4175 iure
1272 4090 1442 4172 freti
1469 4103 1679 4181 sunt,
1733 4098 1810 4165 et
1847 4081 2118 4189 ganisi,
2155 4088 2351 4186 gau-¹

162 4216 432 4311 deant,
481 4234 562 4295 et
600 4216 944 4294 fruantur
972 4234 1062 4284 ae
1094 4205 1431 4283 de‘tauto
1466 4191 1879 4298 singularis,
1933 4206 2010 4266 et
2046 4187 2325 4295 specia-

270 4323 486 4404 Tom.
518 4327 616 4404 X.
649 4319 823 4401 vol.
862 4316 1030 4395 vn.
1774 4364 1777 4365 f
1846 4303 1949 4374 28
2050 4298 2053 4303 ’
