2926 4849
716 511 867 579 876

598 732 965 807 strarum,
1024 739 1154 791 seu
1196 710 1782 791 tormentationis
1819 716 1896 787 in
1934 729 2094 789 rota
2124 770 2146 806 ,
2202 739 2405 819 quae
2457 715 2533 789 in
2604 715 2777 789 locis

597 824 1056 903 tributorum
1084 821 1269 925 erigi
1297 820 1485 897 solet
1505 876 1528 915 ,
1584 820 1829 896 facere
1876 846 2028 896 non
2073 824 2568 925 praesumatis
2606 848 2771 896 mo-

598 929 700 1006 do
733 925 1067 1031 aliquali3
1123 945 1199 1004 et
1234 925 1377 1004 hoc
1407 927 1610 1003 idem
1642 925 2092 1028 iniungimus
2128 927 2396 1003 futuris
2446 928 2765 1003 tributa-
2864 938 2866 949 '

599 1038 729 1113 riis
761 1035 1032 1113 nostris
1065 1034 1146 1110 in
1189 1034 1370 1111 locis
1413 1049 2057 1138 praenarratorum
2106 1034 2578 1131 tributorum
2638 1060 2772 1107 no-

595 1161 919 1219 strorum
952 1141 1030 1215 in
1065 1159 1404 1244 tempore
1437 1140 1853 1216 constitutis
1877 1165 2004 1215 seu
2027 1142 2574 1217 constituendis
2607 1159 2767 1215 tem-

595 1249 907 1355 poribus
942 1249 1347 1341 vniuersis,
1423 1245 1732 1321 firmiter
1793 1261 1869 1321 et
1921 1245 2531 1325 irremeabiliter
2554 1301 2576 1335 ‚
2648 1245 2770 1320 sub

596 1381 843 1461 poena
861 1371 1288 1460 praenotata
1323 1352 1747 1430 obseruare.
1789 1349 2153 1428 Volumus
2176 1371 2425 1429 tamen
2469 1372 2553 1430 et
2584 1378 2771 1458 prac-

600 1461 921 1537 sentium
972 1458 1351 1536 literarum
1401 1459 1664 1562 vigore
1710 1458 2175 1535 decernimus
2205 1461 2658 1555 manifeste,
2702 1474 2767 1531 vt

465 1594 470 1603 ⁴
597 1567 990 1674 praelibati
1041 1567 1320 1659 Judex,
1376 1566 1612 1641 Jurati
1672 1589 1763 1641 ae
1824 1569 2094 1642 caeteri
2157 1566 2374 1642 Ciues
2424 1592 2587 1643 nec
2644 1593 2774 1641 non

597 1693 1081 1770 mercatores,
1113 1672 1434 1778 hospites
1462 1689 1539 1749 et
1556 1672 1841 1749 incolae
1874 1671 2102 1774 ipsius
2136 1671 2464 1749 ciuitatis
2490 1691 2777 1749 nostrae

583 1778 954 1859 ‘Budensis
976 1836 999 1875 ,
1053 1784 1562 1876 cuiuscunque
1593 1795 1818 1856 status
1853 1794 1930 1852 et
1963 1776 2405 1856 conditionis
2424 1783 2776 1867 existant,

601 1912 769 1963 cum
815 1913 1078 1973 eorum
1106 1885 1535 1963 mercantiis
1570 1902 1647 1960 et
1688 1882 2257 1989 quibuscunque
2307 1891 2781 1988 negociatio-

599 1991 855 2088 nibus‚
908 2019 1070 2081 res,
1129 1991 1363 2075 bona.
1420 2008 1502 2068 et
1564 2015 1849 2067 merces
1897 2017 2553 2097 quorumcunque
2603 1992 2779 2069 alio—

594 2125 765 2175 rum
824 2099 1208 2176 hominum
1267 2098 1682 2174 forensium
1740 2099 2287 2200 regnicolarum
2336 2119 2779 2177 nostrorum

594 2206 718 2281 vel
757 2207 1196 2310 quorumuis
1240 2221 1812 2297 extraneorum,
1867 2201 2005 2280 sub
2046 2207 2342 2280 nomine
2396 2232 2675 2283 rerum
2716 2224 2775 2280 et

593 2314 1164 2388 mercantiarum
1195 2338 1495 2397 suarum
1532 2313 2001 2416 propriarum
2042 2311 2335 2386 deferre
2357 2367 2385 2404 ,
2443 2316 2774 2390 occulta-

594 2446 721 2514 re‚
774 2447 905 2497 seu
945 2420 1230 2510 celare,
1302 2437 1427 2495 aut
1481 2418 1749 2521 quouis
1799 2417 2131 2519 quaesito
2182 2420 2445 2496 colore
2515 2448 2767 2498 eorum

592 2531 930 2632 proprias
965 2553 1087 2605 res
1134 2544 1210 2604 et
1252 2526 1687 2601 mercantias
1743 2523 1993 2601 dicere
2043 2541 2120 2602 et
2163 2528 2568 2602 nominare
2631 2556 2762 2602 nou

593 2653 1071 2735 praesumant
1173 2628 1312 2707 sub
1386 2655 1627 2734 poena
1712 2629 2100 2708 ablationis
2200 2650 2275 2707 et
2343 2635 2756 2710 amissionis

594 2740 924 2813 omnium
980 2735 1234 2812 talium
1289 2762 1542 2813 rerum
1594 2745 1672 2812 et
1734 2739 2303 2814 mercantiarum
2335 2755 2361 2831 ,k
2470 2765 2750 2814 suanm

591 2842 1170 2948 praedictarum,
1226 2842 1678 2919 adiicientes.
1735 2841 2226 2921 Nihilominus
2261 2873 2398 2949 per
2452 2873 2757 2950 expres·

594 2977 800 3027 sum:
856 2949 1063 3056 quod
1117 2951 1547 3054 quicunque
1588 2978 1679 3024 ex
1724 2953 2115 3053 praetactis
2170 2954 2398 3053 ipsius
2440 2951 2759 3028 Ciuitatis

589 3076 887 3134 nostrae
933 3057 1288 3135 Budensis
1326 3056 1748 3133 huiusmodi
1795 3055 2305 3134 fraudulentae
2351 3079 2430 3136 et
2469 3063 2756 3161 iniquae

593 3165 1164 3268 perpetrationis
1202 3167 1312 3239 rei
1350 3179 1428 3239 et
1469 3161 1874 3267 culpabiles
1914 3166 2201 3240 inuenti
2267 3183 2344 3239 et
2394 3167 2756 3270 comperti

591 3273 1021 3364 extiterint,
1111 3271 1611 3374 praescriptae
1680 3274 2165 3378 exemptionis
2230 3271 2629 3376 priuilegio
2687 3278 2753 3346 in

588 3402 855 3454 aeuum
894 3378 1191 3484 penitus
1226 3378 1497 3482 priuati
1531 3393 1606 3453 et
1644 3377 1968 3453 destituti
2010 3379 2171 3453 sint·
2220 3396 2293 3452 ct
2351 3377 2750 3453 habeantur

589 3484 756 3589 ipso
809 3485 1055 3580 facto;
1109 3500 1528 3588 praesentes
1575 3501 1818 3560 autem
1868 3498 2039 3586 post
2098 3509 2359 3560 earum
2404 3486 2740 3562 lectur-ata

589 3613 888 3694 semper
941 3590 1155 3667 reddi
1205 3588 1547 3666 iubemus
1596 3592 2063 3695 praesentati.
2144 3591 2422 3667 Datum
2500 3593 2735 3692 Pras-e
2856 3657 2857 3690 3

585 3696 913 3780 secundo
973 3697 1094 3773 die
1153 3697 1317 3773 fes'ti
1363 3699 1568 3772 Beati
1608 3696 1981 3772 Michaelis
2016 3695 2488 3803 Archangeli.
2542 3703 2740 3774 Anno

585 3802 887 3878 Domini
926 3801 1551 3880 MCDXXXVII.
1608 3803 2041 3907 Regnorum
2085 3822 2519 3881 nostrorum
2560 3806 2745 3878 Hun-
2854 3803 2855 3830 ¹

585 3911 829 4010 gariae
863 3926 1006 3986 etc.
1048 3911 1283 4006 LI-o,
1337 3911 1850 3986 Romanorum
1885 3910 2304 4008 XXVII-o,
2371 3912 2743 3990 Bohemiae

584 4014 925 4094 XVIII-o
948 4075 967 4112 ,
1021 4021 1324 4121 Imperii
1360 4041 1552 4091 vero
1589 4018 1943 4118 quarto.“
2302 4061 2307 4064 -

668 4146 713 4204 E
747 4154 1088 4209 transumto
1120 4139 1579 4209 confirmatorie
1637 4142 1882 4205 loannis
1915 4142 2141 4228 Zapola
2176 4165 2338 4206 anno
2380 4142 2559 4209 1538.
2598 4166 2731 4208 eu*

772 4260 938 4314 nato.
1315 4253 1318 4258 '
