2926 4849
2120 457 2271 529 ³95

168 680 389 740 tenus
439 663 774 766 ipsorum
842 664 1226 741 mitterent
1275 660 1663 739 hominem
1729 687 1876 767 pro
1948 645 2375 766 testimonio

167 767 320 845 fide
413 768 725 870 dignum
768 825 792 862 ,
871 865 872 868 Ἴ
915 797 1071 875 quo
1160 787 1548 874 praesente
1631 768 1856 846 homo
1932 772 2184 873 regius
2277 769 2373 849 de

173 875 406 951 Curia
439 880 641 978 regia
673 877 787 952 'ad
843 876 921 952 id
970 879 1397 983 specialiter
1455 878 1922 954 transmissus
1999 874 2383 954 sedecimo

169 982 295 1058 die
332 982 499 1057 festi
536 985 951 1062 Natiuitatis
989 987 1295 1061 Joannis
1336 984 1703 1087 Baptistae
1759 1001 1940 1061 tunc
1992 981 2364 1076 venturo,

169 1107 252 1166 et
287 1089 447 1163 aliis
471 1089 751 1178 ,diebus
790 1091 887 1167 ad
921 1092 1000 1166 id
1036 1094 1230 1195 aptis
1264 1110 1342 1167 et
1375 1089 1952 1186 sufficientibus,
2031 1090 2125 1167 ad
2181 1090 2379 1167 faci-

167 1222 295 1273 em
337 1200 840 1301 praescriptae
877 1200 1361 1304 possessionis
1413 1196 1726 1289 Pechel,
1781 1214 1859 1273 et
1910 1224 2049 1302 per
2113 1222 2405 1275 conse·-

169 1328 416 1407 quens
448 1303 817 1381 dictarum
857 1332 992 1382 sex
1033 1310 1541 1402 mansionum,
1601 1330 1735 1382 seu
1782 1306 2179 1381 Curiarum
2221 1303 2384 1381 iob-

169 1411 697 1512 bagyonalium
734 1439 963 1516 penes
993 1414 1395 1489 sessionem
1430 1411 1736 1486 antefati
1773 1411 2015 1514 Egidy
2042 1409 2273 1489 Surdi
2301 1414 2377 1486 in

171 1518 438 1594 eadem
476 1547 518 1592 a
554 1535 760 1619 parte
799 1520 1243 1596 occidentali
1266 1521 1607 1596 existent.
1643 1519 1904 1614 vicinis
1943 1536 2017 1594 et
2041 1533 2373 1594 comme·
2412 1547 2419 1558 ·

171 1626 413 1704 taneis
448 1626 876 1702 earumdem
910 1629 1273 1703 vniuersis
1320 1626 1499 1703 inibi
1559 1626 1885 1728 legitime
1943 1626 2379 1701 conuocatis

173 1751 254 1815 et
286 1732 805 1836 praesentibus
863 1732 1332 1825 accedendo,
1406 1734 1702 1808 easdem
1764 1758 1892 1807 sex
1954 1734 2382 1808 mansiones

170 1867 307 1918 seu
348 1842 621 1931 curias,
707 1867 878 1916 cum
940 1846 1228 1917 cunctis
1270 1867 1527 1916 earum
1580 1839 2085 1932 ·vtititatibus,
2166 1839 2384 1915 terris

175 1946 467 2023 scilicet
498 1945 951 2039 arabilibus,
1031 1950 1288 2041 vineis,
1342 1949 1697 2035 soenetis,
1753 1946 2024 2044 avinis,
2083 1962 2157 2021 et
2220 1944 2435 2020 aliis·

176 2052 639 2159 quibuslibet
684 2047 1151 2157 pertinentiis
1180 2110 1201 2147 ‚
1257 2055 1349 2130 ad
1388 2083 1551 2130 eam
1590 2052 2087 2156 spectantibus
2149 2077 2386 2156 prae-

173 2178 592 2236 memorato
628 2163 970 2262 Capitulo
1021 2153 1391 2237 Ecclesiae
1439 2159 2008 2264 Vesprimiensis
2062 2161 2227 2234 iure
2286 2183 2382 2235 ex

175 2268 600 2374 praemissis
637 2268 881 2343 eidem
899 2270 1256 2344 attinente
1287 2325 1306 2352 ,
1362 2284 1807 2343 restatueret
1848 2281 1923 2339 et
1958 2268 2379 2342 committe-

173 2391 296 2454 ret
337 2375 705 2481 perpetuo
762 2374 1280 2479 possidendam
1331 2374 1921 2452 contradictione
1993 2374 2385 2479 praefato·-

175 2512 347 2559 rum
382 2484 691 2557 Domini
723 2485 1028 2561 Joannis
1069 2485 1473 2589 Praepositi
1512 2501 1584 2558 et
1643 2479 1960 2585 Capituli
2030 2477 2397 2556 Bud'ensis

174 2608 259 2666 et
294 2588 613 2665 aliorum
654 2591 1163 2695 quorumlibet
1197 2619 1334 2680 eo,
1394 2590 1600 2692 quod
1641 2593 1709 2664 in
1774 2607 1918 2662 tam
1976 2587 2384 2691 longinqua

177 2697 687 2773 ventillatione
739 2696 879 2772 litis
939 2723 1236 2773 causam
1288 2702 1364 2773 in
1429 2713 1937 2801 praesentem,
2025 2720 2247 2770 nemo
2306 2720 2387 2769 se

173 2804 712 2894 intromiserit,
770 2830 926 2877 nou
963 2805 1347 2899 obstante3
1407 2808 1575 2879 iura*
1619 2804 1939 2906 partium
1966 2859 1987 2892 ‚
2027 2810 2088 2876 si
2136 2827 2389 2876 neces-

173 2939 255 2988 se
292 2911 549 3003 fieret,
582 2938 624 2985 a
663 2937 740 2985 se
776 2937 855 2987 se
897 2916 1116 2990 metis
1164 2911 1495 2988 eiusdem
1522 2906 2055 3007 distinguendo
2099 2927 2176 2987 et
2217 2923 2389 3011 post

174 3018 363 3095 haec
403 3018 632 3121 ipsius
668 3022 1278 3123 possessionariae
1327 3015 1828 3094 restatutionis
1884 3017 2151 3088 seriem
2212 3039 2427 3091 cum·

174 3126 520 3211 cursibus
561 3142 973 3217 metarum,
1030 3129 1216 3203 inibi
1254 3121 1824 3230 erigendarum,
1882 3136 1964 3195 vt
2007 3117 2212 3196 fieret
2259 3145 2390 3195 ex-

175 3233 537 3339 pediens,
593 3232 683 3305 ad
724 3251 1025 3309 octauas
1079 3234 1250 3311 festi
1299 3230 1512 3308 Beati
1553 3230 1816 3305 Jacobi
1862 3225 2256 3332 Apostoli,
2294 3228 2392 3302 si-
2469 3298 2475 3307 .

176 3341 459 3416 militer
490 3357 665 3414 tune
734 3346 1128 3435 venturas,
1205 3342 1409 3416 dicto
1465 3341 1796 3417 Domino
1852 3335 2013 3437 regi
2073 3333 2396 3438 fideliter

180 3447 638 3525 rescriberet
692 3444 1117 3549 Capitulum
1172 3448 1506 3524 Albense
1559 3449 2109 3552 praenotatum.
2182 3443 2394 3516 Tan-

178 3555 357 3630 dem
394 3553 569 3656 ipsis
616 3556 896 3629 octauis
958 3556 1530 3631 occurrentibus
1591 3547 1974 3659 praefatus
2039 3549 2400 3649 Magister

182 3661 598 3763 Gregorius
637 3661 986 3738 Decanus
1021 3680 1099 3737 et
1150 3665 1577 3738 Canonicus
1611 3687 1755 3769 pro
1788 3670 2141 3731 annotato
2184 3654 2403 3760 Capi-

186 3769 349 3845 tulo
389 3767 763 3843 Ecclesiae
807 3768 1303 3873 Vesprimien.
1369 3796 1545 3863 cum
1587 3760 2397 3872 procuratoriisliteris
2521 3835 2527 3843 ,

186 3874 521 3949 eiusdem
564 3891 890 3948 nostram
933 3876 1237 3951 veniens
1294 3877 1371 3949 in
1411 3875 1950 3980 praesensiam‚
2006 3885 2397 3972 praesente

191 3979 525 4058 antefato
571 3981 892 4056 Domino
935 3983 1160 4060 Paulo
1208 3984 1509 4059 Decano
1543 3983 1675 4087 qui
1709 4004 1850 4080 pro
1907 3978 2083 4080 ipsis
2128 3976 2399 4050 Domi-

190 4117 300 4164 no
332 4089 624 4163 Joanne
666 4088 1098 4193 Praeposito
1124 4105 1202 4167 et
1237 4088 1583 4195 Capitulo
1618 4086 1986 4164 Ecclesiae
2028 4083 2401 4169 Budensis,

193 4223 369 4272 cum
430 4197 965 4301 procuratoriis
1014 4198 1243 4276 literis
1288 4223 1549 4273 eorum
1576 4250 1602 4291 7
1659 4218 1914 4272 coram
1957 4190 2172 4266 nobis
2224 4194 2403 4265 asti·-
