2926 4849
723 420 873 525 79'4

1412 663 1999 747 cchxxvn.

609 806 892 878 Eugenien
919 807 1023 861 11⁷.
1060 808 1172 863 PP.
1201 806 1475 865 Iacobum
1515 809 1582 863 do
1620 807 1888 862 &archia
1916 807 2047 861 ord.
2083 799 2499 874 &KR-mieci-
2530 807 2607 858 in
2640 805 2817 859 Haa-

792 897 996 968 gariae
1023 916 1195 969 regno
1213 930 1234 959 ,
1281 912 1337 954 ee
1373 900 1638 954 Auun'ae
1683 898 1948 969 panibus
1967 935 1985 962 ,
2035 898 2426 970 inquisitorem
2480 896 2813 951 haeretica

789 995 1110 1064 prauitatis
1142 995 1420 1050 innituit·
1453 996 1522 1050 A.
1563 993 1723 1049 1436.

798 1104 1170 1206 Eugenius
1193 1105 1610 1210 Episcopus
1636 1159 1660 1199 ,
1697 1102 1980 1180 Seruus
2017 1100 2431 1178 Seruorum
2475 1099 2657 1177 Dei.
2697 1101 2805 1174 Di-

607 1212 807 1288 lecto
847 1211 1048 1306 filio,
1098 1213 1385 1292 Jacobo
1421 1210 1517 1290 de
1561 1209 1935 1304 Marchia‘,
1992 1206 2291 1284 Ordinis
2339 1207 2488 1286 FF.
2545 1209 2802 1283 Mino-

607 1346 777 1395 rum
813 1318 1223 1395 Professori
1240 1378 1265 1413 ,
1306 1324 1385 1397 in
1422 1347 1660 1425 regno
1696 1318 2119 1425 Hungariae
2150 1340 2239 1390 ac
2270 1313 2632 1421 partibus
2662 1317 2797 1390 Au·

604 1430 825 1502 atriae
850 1481 873 1522 ,
927 1424 1335 1504 secundum
1395 1453 1686 1505 morem
1714 1424 1923 1503 ‚dicti
1973 1423 2293 1507 ordinis.
2366 1423 2792 1524 inquisitori

477 1608 482 1617 f
604 1532 1015 1610 haereticae
1054 1537 1436 1638 prauitatis
1484 1558 1621 1636 per
1653 1531 1910 1609 sedem
1943 1529 2456 1636 Apostolicam
2495 1528 2791 1634 deputa·

599 1656 706 1733 to,
725 1638 1033 1716 salutem
1063 1657 1139 1715 et
1161 1641 1673 1747 Apostolicam
1703 1638 2325 1717 benedictionem.
2387 1636 2623 1712 Licet
2655 1637 2793 1713 vhi-

598 1746 785 1825 libet
808 1746 1288 1852 Apostolicae
1325 1751 1517 1826 sedis
1550 1748 2022 1853 prouidentia
2046 1749 2604 1848 circumspecta
2626 1770 2794 1820 con·

597 1869 716 1953 tra
764 1853 1175 1932 haereticae
1215 1859 1598 1961 prauitatis
1639 1856 1807 1933 labe
1835 1878 2213 1959 respersos
2236 1908 2258 1945 ,
2295 1876 2639 1954 quorum
2679 1879 2794 1928 ue·

596 1965 829 2064 quitia
866 1966 1135 2067 serpit,
1214 1983 1296 2043 vt
1346 1990 1658 2067 cancer,
1730 1990 1826 2040 ne
1876 1966 1956 2038 in
2003 1961 2318 2036 aliorum
2378 1960 2791 2062 perniciem

593 2093 728 2145 aua
759 2093 1046 2144 venena
1080 2070 1533 2164 diffundant,
1589 2071 2006 2148 remedium
2043 2065 2384 2143 adhibeat
2426 2084 2786 2171 opportu-

591 2201 812 2270 num;
863 2177 943 2251 in
985 2203 1222 2282 regno
1263 2197 1509 2255 tamen
1549 2179 1967 2281 Hungariae
2021 2193 2100 2252 et
2156 2174 2509 2261 Austriae
2558 2176 2784 2278 parti-

594 2281 843 2380 tibus,
902 2284 993 2359 ad
1047 2313 1240 2390 quae
1283 2305 1360 2364 et
1401 2313 1667 2364 eorum
1722 2286 2004 2379 incolas
2070 2283 2417 2359 affectum
2458 2282 2785 2385 gerimus

591 2390 1033 2495 specialem,
1089 2397 1495 2501 praecipue
1535 2394 1916 2499 cupimuS,
1973 2392 2057 2469 ’ἀι
2100 2390 2414 2496 negocia
2454 2387 2645 2466 fidei
2678 2393 2786 2466 iu·

591 2498 667 2602 gi
715 2496 1064 2602 profectu
1089 2556 1112 2597 ,
1186 2500 1380 2578 elisis
1438 2506 1745 2579 omnino
1806 2516 1887 2578 et
1954 2498 2340 2576 eradicatis
2398 2497 2786 2573 erroribus

500 2655 512 2668 .
583 2625 1170 2709 prosperentur,
1229 2608 1568 2714 fidenque
1608 2608 1970 2696 catholica
2027 2608 2299 2683 fortius
2356 2607 2783 2682 inualesoet.

585 2709 1038 2789 Affectantes
1075 2715 1298 2818 igitur
1340 2714 1434 2789 ad
1497 2713 1919 2792 huiusmodi
1972 2714 2372 2819 negocium
2429 2712 2666 2808 fidei,
2715 2715 2780 2786 in

585 2844 823 2920 regno
846 2835 922 2894 et
942 2820 1277 2924 partibus
1315 2820 1712 2923 praedictis
1737 2822 2134 2900 efficaciter
2169 2823 2782 2925 promouendum

587 2924 812 3001 talem
835 2926 1209 3031 ⁴deputare
1249 2953 1687 3032 personam,
1748 2935 1954 3006 cuius
2011 2926 2312 3005 honesta
2362 2953 2779 3004 conuersa-

587 3032 692 3107 tio
736 3035 1082 3137 exempla
1124 3037 1400 3114 tribuat
1438 3040 1826 3140 puritatis,
1885 3038 2194 3141 eiusque
2242 3029 2432 3108 labia
2494 3033 2779 3110 erudita

580 3137 994 3215 doctrinam
1015 3142 1328 3221 fundant
1365 3146 1718 3222 scientiae
1753 3144 2112 3237 salutaria,
2143 3162 2220 3218 vt
2256 3145 2411 3217 eius
2448 3146 2779 3217 ministe-

503 3347 511 3358 .
583 3247 699 3321 rio
737 3272 962 3323 omne
995 3250 1450 3329 fermentum
1483 3252 1751 3330 exinde
1800 3250 1984 3325 labis
2017 3248 2445 3326 huiusmodi
2490 3277 2768 3354 expur-

579 3370 836 3452 getur-3
891 3351 1186 3432 tandem
1232 3359 1325 3433 ad
1374 3385 1768 3464 personam
1813 3376 2060 3453 tuam,
2117 3351 2341 3460 quam
2397 3357 2770 3460 religionis

581 3477 655 3534 et
692 3455 868 3536 fidei
901 3465 1326 3542 sinceritate
1361 3483 1438 3541 et
1462 3468 1899 3542 maturitate
1924 3492 2245 3557 morum,
2277 3480 2353 3538 et
2394 3465 2763 3539 literarum

576 3565 924 3662 scientia,
981 3571 1539 3675 multarumque
1579 3575 1888 3651 aliarum
1933 3573 2295 3648 virtutum
2353 3571 2578 3648 donis
2632 3596 2760 3644 ea·-

575 3699 747 3749 rum
785 3677 1089 3779 largitor
1130 3681 1488 3756 Dominus
1520 3681 1936 3783 insigniuit,
1969 3679 2371 3783 dirigentes
2420 3679 2762 3754 intuitum

571 3785 842 3856 mentis
882 3805 1222 3880 nostrae,
1275 3805 1392 3881 te,
1443 3814 1672 3880 quem
1713 3814 1806 3864 ex
1838 3785 2238 3864 multarum
2275 3811 2761 3888 personarum

573 3888 1018 3965 notabilium
1056 3894 1277 3971 nobis
1309 3891 1500 3969 facta
1534 3897 1896 3972 relatione
1933 3893 2135 3970 fideli
2193 3890 2286 3968 ad
2339 3890 2758 3969 huiusmodi

573 3997 896 4073 officium
929 4002 1411 4076 sufficientem
1457 4020 1537 4094 et
1577 4001 1935 4080 idoneum
1965 4019 2440 4106 reputamus»,
2501 4000 2753 4103 inqui·

572 4101 879 4180 nitorem
916 4105 1333 4185 haereticae
1367 4109 1769 4214 prauitatis·
1802 4113 1882 4185 in
1926 4134 2160 4211 regno
2202 4108 2624 4210 Hungariae
2685 4123 2749 4179 et

574 4203 926 4290 Auen-iae
980 4213 1315 4317 partibus
1384 4217 1827 4296 auctoritate
1880 4209 2317 4324 Apostolica
2368 4241 2601 4317 vsque
2664 4211 2744 4287 ad
