2926 4849
2084 458 2233 526 814

166 650 405 742 vitatis
457 682 1020 768 persecutorum
1085 666 1441 761 sarcinata
1503 660 1854 762 iniquitas
1919 679 2113 771 tanta
2175 693 2342 742 cum

223 772 533 846 rauitate
564 772 926 849 haeretica
979 768 1232 847 fideles
1291 754 1751 845 Christicolas
1802 768 1922 846 bic
1973 774 2048 846 in
2108 795 2341 875 regno

166 800 542 981 {sugat-iae
577 880 669 954 ad
690 881 800 954 sui
838 879 1109 954 erroris
1149 874 1509 982 te‘nebras
1535 873 1848 955 latenter
1882 882 2338 975 accersierat3

164 984 634 1060 Venerabilis
690 986 804 1061 vir
865 984 983 1059 Fr.
1038 972 1426 1077 Jacobus,
1500 981 1828 1058 vicarius
1898 984 2337 1069 Bosnensis.

166 1090 449 1167 ordinis
493 1090 571 1163 B.
604 1091 1025 1183 Francisci,
1071 1106 1360 1164 vestrae
1396 1088 1814 1164 sanctitatis
1853 1088 2040 1165 filius
2095 1089 2344 1167 bumi-

166 1196 257 1272 lis
295 1215 370 1271 et
408 1196 760 1290 deuotus,
816 1195 1206 1299 diligenter
1238 1196 1594 1270 scrutinio
1639 1212 1714 1269 et
1755 1192 1956 1271 duris
1981 1198 2344 1299 approba-

166 1305 457 1380 tionum
498 1303 1198 1406 disceptationibus,
1256 1304 1383 1406 qui
1423 1303 1690 1376 sanctis
1731 1325 1980 1379 sacrae
2038 1308 2346 1406 paginae

163 1409 573 1531 disciplinis
609 1427 757 1484 tam
804 1410 1176 1514 peculiose
1244 1408 1618 1512 piaeditus
1682 1426 1829 1503 est,
1886 1410 2189 1487 eosdem
2230 1437 2343 1487 re·

157 1520 433 1622 pressit
475 1516 553 1588 in
605 1517 936 1619 partibus
974 1517 1502 1629 Transyluanis
1555 1515 1784 1618 ipsius
1824 1522 2041 1618 regni
2102 1518 2344 1620 Vnga-

164 1625 366 1713 riae,
423 1621 549 1696 vbi
597 1626 819 1699 vitam
860 1623 951 1698 ad
1006 1604 1334 1728 pericula
1393 1625 1821 1731 exposuisse
1866 1622 2342 1727 perhibetur,

164 1755 406 1830 quum
449 1731 786 1805 nonnulli
819 1748 1468 1822 controuersoreS,
1523 1753 1736 1803 sacro
1769 1748 2062 1805 sanctae
2098 1726 2345 1805 ortbo-
2419 1804 2425 1817 ,

167 1837 409 1910 doxae
457 1833 627 1908 fidei
674 1857 1289 1961 persequutores,
1347 1861 1506 1912 sese
1542 1836 1857 1919 insultu,
1896 1856 2076 1910 ausu
2114 1850 2342 1910 teme·

168 1943 372 2017 tario
419 1958 492 2014 et
540 1943 1041 2045 superstitiose
1087 1943 1375 2018 veritati
1426 1939 1911 2044 Euangelicae
1962 1964 2345 2045 opponen-

164 2067 329 2141 tes,
381 2045 645 2122 vexilla
679 2053 1180 2150 pernen-sitatis
1209 2066 1474 2125 contra
1514 2052 1733 2124 totius
1764 2049 1946 2123 cleri
1985 2066 2059 2123 et
2093 2046 2344 2123 Eccle-

163 2156 318 2231 siae
357 2171 618 2229 statum
659 2154 818 2230 fere
856 2152 1259 2260 erigendo,
1314 2160 1870 2231 insurrexerant
1917 2154 2338 2257 conspirati.
2382 2188 2396 2223 ι

163 2261 265 2337 Et
305 2260 438 2334 nisi
482 2262 842 2345 antefatus
876 2259 994 2336 Fr.
1039 2262 1363 2339 Jacobus
1412 2261 1631 2337 illac
1611 2289 1685 2334 ιιι
1727 2278 2067 2388 tempore
2114 2260 2342 2336 adue-

163 2370 428 2462 nisset3
483 2369 561 2440 in
599 2370 852 2472 paucis
890 2366 1154 2445 diebus
1202 2396 1424 2444 manu
1466 2384 1741 2446 armata
1792 2367 1869 2443 in
1906 2371 2148 2468 ipsum
2192 2366 2342 2443 cle-

161 2501 335 2550 rum
357 2495 761 2566 irruissent,
803 2476 895 2549 ab
939 2480 1196 2552 maiori
1221 2475 1311 2550 ad
1346 2476 1729 2551 minimum
1753 2501 1938 2551 nece
1960 2469 2346 2550 mortisin-

168 2565 603 2663 tex-emtori,
664 2580 834 2672 sed,
922 2584 1246 2658 Domino
1301 2581 1627 2658 Sabaoth
1684 2581 2135 2704 opitulante,
2191 2599 2342 2655 tan·

162 2716 389 2793 quam
430 2689 664 2762 victor
709 2638 1015 2764 bellicus
1061 2708 1137 2766 et
1187 2688 1643 2790 triumphalis
1689 2715 1828 2792 pro
1885 2690 2045 2789 ipsa
2101 2712 2339 2762 sacro-

162 2810 414 2870 sancta
445 2810 680 2866 matre
711 2793 1044 2868 Ecclesia
1083 2794 1505 2886 militando,
1537 2796 1909 2895 praefatus
1947 2793 2065 2867 Fr.
2124 2796 2342 2868 Jaco-
2446 2810 2461 2825 ·

161 2898 304 2978 bus
340 2898 675 2974 militiam
710 2897 1053 2973 obtinens
1101 2899 1458 3002 probatae
1515 2901 1886 2992 veritatis,
1958 2901 2162 2972 omni
2215 2895 2342 2972 bo·

160 3008 368 3084 noris
404 3023 760 3108 apparatu
799 3006 1265 3078 venerandus
1302 3005 1787 3100 tractabatur3
1830 3007 1975 3109 qui
2009 3005 2230 3079 etiam
2266 3005 2343 3078 in

164 3114 515 3189 Dioecesi
547 3136 709 3186 mea
750 3109 1103 3186 Varadini
1140 3109 1472 3186 similiter
1525 3135 1662 3213 per
1702 3138 1876 3187 suae
1932 3111 2383 3213 inquisitim·

159 3221 282 3297 nis
313 3215 851 3296 adhibitionem
886 3233 961 3292 et
1001 3215 1452 3294 salutiferam
1505 3216 1716 3293 verbi
1765 3219 1908 3294 Dei
1952 3217 2343 3321 praedica-

161 3328 500 3419 tionem,
543 3323 937 3448 plurimos,
995 3324 1149 3428 ipsa
1184 3322 1551 3398 haeretica
1594 3325 1955 3429 prauitate
2000 3324 2339 3413 infectos,
2436 3419 2443 3426 ι
2496 3401 2499 3408 ,

163 3461 311 3538 per
355 3434 732 3509 interitum
783 3431 1126 3535 supplicii
1166 3427 1602 3534 reprobauit
1652 3431 2195 3509 condemnatos.
2252 3431 2344 3507 sst

159 3548 242 3618 in
285 3539 616 3643 pluribus
655 3537 863 3611 huius
906 3541 1113 3639 regni
1175 3538 1535 3638 Vngariae
1592 3536 1749 3613 aliis
1806 3536 2139 3641 partibus
2194 3554 2341 3612 tam

160 3645 535 3724 salubrem
582 3642 862 3746 populo
895 3643 1313 3721 catholico
1291 3670 1371 3717 in
1406 3643 1522 3718 sui
1560 3644 2085 3721 reformatione
2122 3669 2200 3718 se
2235 3641 2340 3715 dia

163 3755 555 3859 gnoscitur
584 3748 1090 3851 multipliciter
1131 3748 1589 3846 exhibuisse3
1630 3779 1780 3825 uon
1820 3751 2084 3845 minus,
2120 3775 2343 3853 quam

165 3863 234 3935 si
269 3862 345 3934 B.
407 3856 669 3934 Paulus
733 3856 1178 3980 Apostolus,
1252 3882 1641 3959 supremus
1716 3860 2046 3946 Doctor,
2119 3882 2342 3932 euan-

167 3965 446 4090 gelicae
481 3964 804 4040 veritatis
839 3966 1176 4068 egregius
1208 3989 1508 4068 praece,
1547 3966 1617 4036 ei
1656 3979 1849 4040 esset
1885 3989 2134 4039 comes
2168 3988 2342 4040 con·
2392 3963 2395 3964 ⁷

165 4076 455 4150 stitutus
487 4127 515 4196 .’
601 4071 925 4146 fructum
1005 4088 1339 4144 aeternae
1410 4068 1876 4147 beatitudinis
1945 4070 2339 4174 ampliauit.

171 4177 504 4256 Datum
480 4202 560 4252 ιιι
618 4192 861 4253 castro
902 4174 1223 4253 Nandor
1240 4175 1517 4271 Albae
1572 4179 1808 4280 prima
1851 4177 1973 4255 die
1998 4175 2340 4254 Dembris
