2926 4849
683 484 830 555 ⁷92
1267 504 1272 511 ·
1665 482 1694 541 Α

571 693 789 765 Bano·
824 693 1027 792 regni
1069 685 1549 776 Sclauoniae,
1609 676 1948 758 Ladislao
1995 679 2090 755 de
2133 683 2327 754 Gara
2360 679 2577 752 Bano
2616 678 2772 751 Ma·

569 797 999 890 chouiensi,
1080 796 1307 868 Petro
1368 790 1753 891 ChehLet
1802 791 2149 880 Emerico
2204 785 2299 859 de
2353 784 2768 872 Marczali,

572 904 993 979 Janitorum
1043 899 1418 1001 *regalium
1465 898 1835 999 magistris
1864 953 1887 992 ,
1960 897 2420 996 caeterisque
2483 890 2763 966 ibidem

575 1035 796 1114 quam
871 1007 1217 1114 pluribus
1285 1004 1806 1109 praesentibus
1865 1022 1938 1079 et
1999 1000 2507 1095 adstantibus;
2596 1001 2765 1075 item

574 1113 981 1219 magnificis
1009 1131 1083 1188 et
1119 1115 1430 1215 egregiis
1474 1112 1907 1186 Tuertkone
1948 1106 2445 1196 Borouinich,
2509 1107 2768 1181 Palati·

573 1248 677 1298 no
722 1212 931 1324 regni
988 1220 1225 1297 nostri
1266 1222 1555 1295 Bosnae
1612 1258 1718 1273 --
1772 1256 1887 1277 —-·
1934 1260 2036 1272 --
2096 1213 2605 1319 personaliter
2652 1243 2765 1290 κ-

571 1330 836 1434 'quisiti
878 1346 952 1402 et
990 1328 1252 1401 moniti
1276 1380 1294 1415 ,
1352 1325 1830 1427 promisimus
1854 1380 1874 1413 ‚
1930 1328 2085 1400 imo
2118 1327 2641 1428 praesentium
2676 1340 2763 1396 te·

542 1461 763 1518 ⁴nore
809 1432 1120 1509 firmiter
1156 1437 1700 1535 promittimus,
1758 1434 1898 1509 sub
1954 1431 2154 1506 bona
2210 1447 2286 1503 et
2344 1427 2754 1505 inuiolabili

575 1544 724 1616 fide
771 1559 1061 1632 nostra,
1120 1558 1489 1642 quatenus
1520 1541 1770 1617 omnia
1804 1538 2158 1630 claustra,
2214 1558 2347 1625 seu,
2390 1533 2576 1613 toea
2612 1535 2761 1610 Fra-

577 1664 776 1724 trum
819 1651 1192 1723 minorum
1238 1647 1519 1721 culinis
1570 1643 1656 1720 S.
1714 1646 2086 1721 Francisci
2141 1644 2236 1719 de
2294 1643 2771 1720 obseruantia

576 1756 925 1831 vicariae
963 1753 1295 1843 Bosnae,
1351 1756 1422 1826 in
1465 1752 1668 1828 dirto
1712 1780 1946 1854 regno
2005 1770 2259 1828 nostro
2310 1751 2655 1825 Bosniae
2705 1766 2772 1825 et

579 1867 798 1938 terris
838 1861 1194 1952 eiusdem,
1241 1875 1318 1933 et
1358 1859 1777 1964 specialiter
1806 1862 1884 1934 in
1924 1862 2137 1935 terris
2158 1876 2233 1933 et
2269 1858 2607 1952 tenutis,
2645 1884 2771 1962 po·

582 1970 825 2045 testati
868 1985 1162 2069 nostrae
1199 1967 1588 2060 subiectiS,
1645 1993 1732 2041 ac
1766 1967 2062 2043 Fratres
2114 1966 2191 2039 in
2235 1963 2535 2040 eisdem
2586 1989 2767 2040 nuuc

585 2094 663 2151 et
701 2077 775 2150 in
813 2076 1144 2150 futurum
1183 2077 1614 2149 successiuis
1649 2098 1948 2177 semper
1985 2069 2456 2176 temporibus
2493 2073 2770 2173 degen-

581 2202 695 2258 tes
735 2198 812 2257 et
850 2182 1015 2255 Deo
1072 2180 1556 2273 famulantes,
1628 2180 1725 2252 ab
1780 2181 2132 2257 omnibus
2185 2195 2262 2254 et
2322 2178 2647 2281 singulis
2690 2205 2773 2253 ex

588 2308 1036 2391 quacunque
1080 2315 1337 2380 causa,
1395 2305 1523 2361 aut
1567 2310 2030 2390 quocunque
2070 2287 2368 2386 ingenio
2411 2286 2535 2360 vel
2581 2288 2776 2364 colo·

586 2422 673 2474 re
711 2394 1009 2471 turbare
1054 2413 1131 2471 et
1161 2396 1550 2471 molestare
1593 2393 2050 2481 volentibus,
2109 2395 2280 2469 totis
2338 2396 2626 2472 nostris
2666 2396 2779 2470 vi-

589 2502 797 2577 ribus
850 2521 1369 2606 protegemus,
1457 2502 1886 2596 tuebimur,
1959 2521 2037 2580 et
2083 2502 2773 2596 manutenebimus»,

581 2633 725 2683 nec
751 2631 896 2711 per
934 2627 1226 2683 nosmet
1273 2610 1469 2711 ipsos
1510 2626 1639 2684 aut
1681 2627 2046 2685 nostrates
2087 2609 2407 2709 aliquam
2448 2609 2771 2687 molesti·

589 2741 709 2788 am
738 2714 862 2789 vel
892 2714 1393 2789 turbationem
1433 2714 1715 2789 eisdem
1754 2718 1874 2792 vel
1911 2717 2124 2792 alicui
2166 2742 2427 2790 eorum
2483 2715 2772 2793 infere-

587 2843 753 2896 mus
778 2875 798 2913 ,
834 2847 976 2896 nec
1000 2820 1261 2896 inferri
1303 2821 1680 2914 faciemus,
1720 2850 1971 2925 neque
2005 2826 2558 2928 permittemus3
2608 2826 2773 2900 dan·

431 2937 434 2944 ”
504 2975 509 2980 ·
592 2946 702 3002 tes
746 2945 819 3001 et
856 2927 1357 3005 concedentes
1394 2929 1672 3006 eisdem
1716 2932 2091 3007 Fratribus
2134 2931 2659 3034 praesentibus
2702 2952 2776 3008 et

591 3034 887 3129 futuris,
937 3055 1014 3110 et
1046 3035 1359 3111 cuilibet
1393 3063 1657 3111 eorum
1694 3039 2018 3142 plenam,
2051 3037 2390 3130 liberam,
2436 3057 2517 3120 et
2542 3043 2780 3115 omni·

533 3161 534 3168 ’
592 3141 890 3217 modam
935 3139 1357 3218 facultatem
1384 3200 1403 3231 ‚
1458 3145 1535 3218 in
1579 3146 1924 3219 omnibus
1953 3147 2168 3221 terris
2220 3164 2296 3220 et
2345 3146 2535 3220 locis
2571 3149 2778 3248 regui

594 3248 883 3323 Bosnae
924 3268 999 3324 et
1041 3251 1477 3354 praesertim
1539 3269 1835 3327 nostrae
1888 3251 2373 3348 jurisdictioni
2419 3270 2495 3328 et
2552 3274 2776 3358 pote-

595 3357 763 3430 stati
813 3356 1198 3452 subiectiS,
1279 3358 1748 3462 praedicandi
1807 3359 2122 3436 verbum
2197 3360 2380 3451 Dei,
2436 3385 2528 3435 ac
2577 3361 2771 3437 San-

595 3478 761 3536 ctae
828 3461 1246 3541 Catholicae
1321 3482 1404 3540 et
1449 3467 1834 3542 Romanae
1904 3465 2279 3542 Ecclesiae
2343 3469 2765 3559 veritatem3

593 3593 860 3646 omnes
887 3588 966 3646 et
1000 3571 1328 3677 singulos
1360 3568 1700 3649 homines
1748 3576 2136 3678 Vtriusque
2186 3599 2404 3650 sexus
2427 3631 2450 3668 ‚
2522 3577 2765 3651 cuius-

593 3700 891 3778 cunque
934 3679 1082 3753 sint
1120 3682 1375 3757 aetatis
1397 3695 1487 3774 *et
1523 3677 2016 3773 conditionis,
2048 3677 2514 3784 baptizandi,
2572 3702 2644 3758 et
2679 3680 2774 3755 ad

595 3779 817 3858 fidem
846 3840 865 3876 ,
919 3812 1153 3890 quam
1188 3804 1436 3862 sancta
1467 3785 1831 3863 catholica
1856 3803 1944 3864 *et
1983 3788 2323 3865 Romana
2372 3789 2777 3893 profitetur

592 3890 918 3966 Ecclesia
942 3947 965 3986 ,
1020 3891 1509 3971 conuertendi
1529 3949 1552 3985 ,
1588 3919 1726 3970 nec
1753 3894 2004 3998 aliquo
2034 3911 2373 4000 tempore
2402 3896 2777 3973 huiusmo-

457 4025 466 4048 ι
584 3993 661 4069 di
699 4017 983 4075 sanctas
1011 4020 1086 4077 et
1117 4000 1881 4104 salutiferasipsorum
1932 4007 2443 4104 operationes,
2503 4004 2772 4105 quouis

583 4108 921 4206 quaesito
979 4109 1275 4200 colore,
1334 4107 1621 4184 directe
1677 4107 1789 4185 vel
1842 4107 2213 4186 indirecte
2270 4137 2406 4211 per
2466 4137 2604 4186 nos
2650 4112 2764 4185 vel

573 4211 787 4303 alios,
845 4213 1082 4316 palam
1131 4234 1203 4289 et
1244 4215 1536 4294 occulte
1577 4212 2065 4319 impediemus
2107 4220 2221 4293 vel
2264 4219 2605 4320 impediri
2658 4218 2768 4293 fa-
