2926 4849
2100 498 2247 569 785
2351 533 2359 542 ·

163 700 685 796 cimatoribus,
720 699 816 777 ad
852 696 1286 806 frequentes
1322 701 1767 789 eurumdem
1798 705 2351 807 requisitiones,

161 807 706 911 nonnunquam
749 810 974 884 etiam
1030 807 1516 894 interdictum
1577 809 2217 905 Ecclesiasticum,
2270 815 2350 890 in

161 914 751 1019 possessionibus
787 935 861 992 et
898 915 1080 1001 locis
1114 917 1408 1006 vesti-53,
1453 935 1855 1020 propterea
1894 919 2353 1023 impositum,

159 1021 885 1127 ecclesiasticamque
928 1049 1310 1103 censuram
1340 1080 1360 1115 ,
1419 1022 1768 1107 indurato
1819 1027 2065 1105 animo
2106 1027 2355 1131 perti-

163 1147 456 1213 naciter
504 1129 986 1221 sustinentes,
1088 1157 1228 1206 nec
1285 1157 1461 1213 oum
1523 1132 1790 1207 maiori
1848 1160 2047 1209 noua
2108 1151 2357 1215 nostra

159 1254 462 1317 moneta
513 1254 764 1315 nostra
823 1238 1216 1338 Quartiing
1268 1238 1687 1341 appellata,
1763 1237 1857 1315 ad
1915 1259 2356 1343 computum

158 1362 239 1419 et
269 1344 598 1423 valorem
640 1361 1060 1447 praetactae
1085 1362 1381 1423 nostrae
1421 1363 1765 1425 monetae
1802 1347 2147 1440 maioris,
2184 1375 2357 1451 pro-

160 1468 246 1524 ut
293 1449 575 1527 scilieet
606 1449 1013 1531 secundum
1045 1451 1363 1531 formam
1401 1450 1684 1530 decreti
1727 1454 1964 1531 nostri
2003 1481 2145 1533 vna
2185 1479 2360 1535 cum

161 1559 510 1634 Praelatis
550 1555 968 1637 Bar-onibus
1018 1585 1105 1636 ac
1140 1558 1541 1663 regnicolis
1584 1561 1899 1652 nostris,
1954 1586 2181 1663 super
2227 1590 2314 1638 so
2339 1603 2358 1614 -

157 1661 562 1743 lutionibus
586 1688 946 1745 censuum
982 1667 1343 1770 regalium
1384 1683 1463 1742 et
1494 1665 1933 1770 reginalium
1956 1721 1979 1761 ,
2025 1695 2168 1743 nec
2209 1697 2361 1743 non

155 1770 705 1862 Ecclesiarum,
766 1770 1302 1871 Nobiliumque
1340 1798 1429 1849 ac
1469 1775 2191 1876 possessionatorum
2230 1775 2362 1849 ho-

160 1881 448 1959 minum
488 1904 1114 1982 quorumcunque
1148 1880 1324 1959 alias
1358 1896 1437 1957 et
1483 1879 1707 1957 etiam
1732 1880 2027 1984 pridem
2062 1881 2252 1957 editi
2289 1899 2365 1956 et

150 1985 500 2079 stabiliti,
556 1985 889 2063 decimae
924 1990 1113 2064 solui
1155 1986 1561 2082 deberent,
1614 1989 1699 2064 in
1740 1987 2189 2086 quibusdam
2228 2011 2383 2067 νο·-

158 2096 456 2168 troactis
497 2095 1013 2195 temporibus,
1070 2112 1146 2169 et
1182 2098 1390 2171 annis
1443 2093 1839 2171 extradere
1886 2113 1965 2171 et
2020 2095 2359 2188 soluere,

151 2224 298 2302 per
333 2225 755 2301 eorumque
807 2200 1129 2304 populos
1177 2220 1258 2277 et
1312 2200 1798 2304 Johagyones
1855 2202 2235 2277 extradari
2287 2219 2364 2277 et

147 2308 484 2408 pei-solui
521 2306 772 2385 facere
821 2325 1330 2405 recusassent,
1381 2308 1458 2385 e't
1518 2327 1952 2387 recusarent
1995 2311 2220 2389 etiam
2280 2309 2361 2386 in·

153 2410 531 2512 futurum3
589 2416 796 2519 quod
858 2417 938 2494 in
995 2435 1296 2498 nostrae
1358 2413 1760 2496 Maiestatis
1790 2413 2361 2520 'displicentiam

154 2537 240 2596 et
291 2522 539 2602 salutis
599 2524 1017 2606 animarum
1067 2525 1397 2627 ipsorum
1472 2522 1993 2628 dispendium,
2049 2525 2347 2627 praefa-

152 2627 365 2732 tique
408 2630 711 2708 Domini
756 2631 1109 2735 Episcopi
1152 2630 1685 2734 pmeiudicium
1722 2648 1800 2710 et
1839 2623 2353 2732 prouentuum

148 2731 730 2818 diminutionem
790 2737 990 2816 cedit
1046 2736 1361 2816 multum
1423 2738 1741 2838 grande:
1833 2734 2353 2840 Supplicatum

145 2842 404 2947 itaque
449 2846 1095 2924 extitit'Maiestati
1139 2862 1434 2922 nostrae
1477 2883 1580 2898 —-
1614 2882 1863 2914 --.-÷-
1906 2883 2008 2908 -ψ
2045 2843 2127 2924 in
2159 2863 2348 2947 pers·

140 2973 331 3024 sona
387 2950 758 3056 praedicti
819 2951 1122 3044 Domini
1179 2950 1579 3052 Episcopi,
1634 2948 1902 3028 vtsibi
1944 2990 2049 3010 --
2088 2988 2195 3058 -3—
2238 2965 2379 3004 --·

145 3095 256 3114 ·-—
299 3058 394 3134 de
433 3056 776 3137 remedio
817 3082 1156 3159 congruo
1209 3056 1617 3160 prouidere
1671 3054 2173 3159 dignaremur.
2249 3056 2369 3140 Et.

137 3163 326 3266 quie
366 3164 746 3259 decimae,
804 3168 880 3244 in
935 3165 1437 3269 patrocinium
1494 3161 1850 3237 Crucifixi
1906 3157 2340 3268 deputatae,

140 3287 303 3352 tam
340 3298 435 3350 ex
470 3274 766 3350 diuinae
799 3274 980 3374 legis
1022 3292 1466 3377 praecepto,
1529 3297 1756 3373 quam
1798 3270 2016 3355 etium
2058 3268 2153 3343 de
2205 3295 2361 3352 rer·

135 3381 275 3480 gni
311 3383 543 3456 nostri
577 3381 991 3486 approbata
1044 3398 1120 3467 et.
1163 3381 1258 3464 ab,
1314 3380 1629 3484 antiquo
1690 3376 2084 3464 obseruata
2144 3401 2334 3452 con-

132 3484 577 3583 suetudine,
652 3515 792 3592 per
848 3487 1406 3590 quemlibet
1455 3484 1936 3559 hominem
1981 3482 2142 3558 dari
2194 3482 2339 3556 de-

132 3590 328 3667 hent
365 3611 591 3699 atque
627 3597 873 3683 solui,
932 3593 1504 3697 huiusmodique
1547 3589 1871 3666 decimas
1923 3588 2336 3665 secundum
2424 3649 2427 3650 ν

126 3696 458 3777 formam
504 3702 876 3806 praemissi
917 3702 1243 3794 decreti,
1299 3696 1631 3776 antefato
1668 3698 2000 3775 Domino
2038 3695 2339 3800 Episco-

128 3833 251 3914 po
278 3833 413 3909 per
440 3834 572 3884 vos
607 3808 978 3884 extradari
1018 3810 1379 3883 volumus.
1421 3807 1607 3881 Ideo
1637 3803 2007 3881 Fidelitati
2047 3818 2338 3879 vestrae

136 3952 263 3973 —-
297 3955 401 3978 --
462 3957 567 3973 —
617 3914 1046 4013 mandamus
1106 3931 1472 4019 quatenus
1528 3951 1632 3964 —
1683 3945 1794 3984 -φ
1838 3952 1945 3984 -η
2002 3909 2337 3990 vlteriori

141 4037 413 4097 nostro
449 4024 799 4100 mandato
849 4050 1006 4096 non
1056 4039 1495 4123 expectato,
1550 4017 2052 4120 omnibusque
2096 4058 2195 4070 -——-
2236 4055 2343 4088 *1*-

147 4166 270 4186 —··
308 4133 786 4234 postpositis,
844 4143 1262 4232 praetactas
1311 4126 1635 4204 decimas
1666 4165 1767 4190 --·.
1797 4162 1903 4186 -
1943 4167 2043 4177 —-
2086 4164 2197 4184 —-
2228 4153 2349 4202 an-

157 4233 400 4313 tefato
436 4239 750 4313 Domino
795 4237 1167 4342 Episcopo
1207 4275 1311 4308 π-.-
1344 4271 1450 4295 --·
1497 4271 1596 4302 -ι-
1635 4229 1989 4310 hacteuus
2028 4254 2183 4307 non
2223 4257 2346 4309 so·-

269 4344 484 4420 Tom.
547 4347 640 4422 X.
705 4345 865 4420 Vol.
927 4345 1078 4420 Vll.
1869 4343 1966 4412 50

2518 2723 2590 2792 tq,—
