2926 4849
2154 508 2248 583 51

152 712 347 791 LXI.
400 710 616 787 Idem
660 735 894 814 super
954 712 1226 815 campo
1246 765 1273 801 ,
1328 708 1985 821 Czwelthamezeje
2048 732 2362 814 vocato,

370 834 857 897 controuerso
886 816 1170 925 inquiri
1201 816 1426 905 iubet.

157 926 388 1003 LXII.
434 923 648 1002 Idem
687 924 959 1005 similes
1002 924 1509 1032 inquisitorias
1549 921 1922 1030 elargitur.

161 1030 423 1109 LXIII.
466 1029 680 1109 Idem
716 1050 977 1109 contra
1007 1032 1310 1109 Judices
1356 1024 1745 1115 Nobilium
1785 1031 1880 1110 de
1928 1032 2220 1140 Beregb
2265 1036 2369 1113 si·

371 1139 633 1243 gilium
718 1156 799 1216 et
879 1140 1383 1247 expeditorias
1467 1138 1724 1245 largiri
1804 1138 2309 1235 detrectantes
2343 1200 2370 1243 ,

374 1246 662 1346 inquiri
702 1249 1091 1354 praecipit.

154 1352 442 1433 LXIV.
494 1351 706 1430 Idem
746 1352 881 1430 Ste
936 1354 1129 1431 hano
1182 1353 1284 1443 ,de
1342 1354 1666 1459 Rozgon
1685 1409 1710 1451 ,
1766 1354 2046 1433 comiti
2098 1355 2370 1435 Poson.

375 1458 474 1535 ad
507 1486 774 1564 operas
816 1384 1321 1565 asurgendas,
1373 1468 1529 1537 400
1559 1458 1748 1538 flnos
1790 1489 1833 1539 e
1872 1462 2101 1543 domo
2145 1490 2375 1541 cuso-

376 1568 492 1644 ria
526 1569 798 1651 Poson.
839 1570 1221 1646 numerari
1257 1567 1489 1645 iubet.
1586 1624 1592 1639 .
1743 1602 1753 1609 ·

161 1674 397 1754 LXV.
432 1672 639 1749 Idem
666 1693 926 1753 contra
963 1702 1133 1772 eos,
1189 1677 1318 1779 qui
1354 1658 1665 1751 caedem
1682 1674 2085 1755 Valentino
2115 1676 2212 1755 de
2229 1676 2376 1756 Do·

377 1780 476 1858 ba
507 1785 1015 1885 intentarunt,
1070 1783 1629 1886 inquisitionem
1668 1783 1984 1862 ordinat.
2311 1798 2318 1817 ¹

164 1888 438 1965 LXVI.
485 1884 693 1965 Idem
730 1889 825 1966 ad
861 1887 1518 1977 consummandam
1562 1889 1811 1977 Pontis
1851 1914 2079 1995 super
2122 1891 2379 1965 Danu-

374 1995 593 2072 bium
625 1999 1248 2094 exstructionem,
1307 1996 1709 2074 Ciuitatem
1748 1997 1990 2072 Poson
2038 1996 2272 2101 vrg‘et.
2373 2042 2378 2047 ·

166 2103 462 2195 LXVII.
518 2101 726 2179 Idem
790 2106 1193 2211 compertis
1257 2103 1721 2181 Polonorum
1764 2102 2092 2197 insidiis,
2146 2105 2380 2182 Bart-

369 2210 623 2288 fenses
663 2208 759 2285 ad
797 2210 1218 2297 cauendum
1256 2212 1445 2306 suis,
1491 2225 1729 2315 atque
1769 2209 2211 2318 repressalia
2243 2239 2377 2289 su-

376 2315 656 2393 menda
695 2312 1080 2422 prouocat.
1230 2392 1237 2403 ,
1488 2332 1492 2336 ’

170 2424 499 2503 LXVIII.
547 2423 757 2518 Idem
799 2427 1104 2508 seruitia
1134 2427 1566 2512 Turzonum
1623 2442 1964 2504 recenset
2003 2452 2091 2503 ac
2127 2453 2376 2505 remu-

376 2550 709 2610 neratur.
1450 2597 1453 2606 .

168 2642 435 2718 LXIX.
476 2636 678 2716 Idem
717 2635 1270 2718 fundationales
1289 2636 1734 2746 Hospitalis,
1789 2637 1866 2713 in
1893 2637 2210 2721 Ciuitate
2246 2645 2382 2722 Ri-

378 2747 539 2825 vuli
618 2749 1147 2844 Dominarum,
1211 2773 1418 2837 anno
1510 2749 1742 2824 1408.
1796 2746 2178 2847 subortas,
2242 2777 2380 2830 suo

382 2854 630 2931 firmat
669 2854 1082 2961 priuilegio.

172 2963 401 3037 LXX.
460 2959 669 3037 Idem
723 2962 1059 3040 nobilem
1106 2960 1511 3037 Dominam
1547 2959 1889 3036 relictam
1930 2960 2240 3068 Georgii
2277 2965 2374 3043 de

378 3059 753 3170 Batthyi'nn
787 3069 1018 3148 altera
1052 3068 1278 3144 etiam
1312 3069 1475 3160 vice
1510 3068 1814 3148 euocari
1855 3087 2089 3168 Vrget.
2453 3053 2458 3078 '

176 3172 443 3250 LXXI.
492 3176 919 3280 Capitulum
944 3176 1261 3278 Scepus,
1322 3171 1510 3251 filios
1557 3172 1758 3250 Petri
1793 3201 1879 3250 ac
1919 3177 2246 3254 Simonis
2282 3178 2376 3255 de

382 3286 739 3388 Rozgon,
814 3284 892 3360 in
948 3282 1167 3360 bonis
1223 3284 1370 3358 suis
1415 3277 1921 3362 haereditariis
1970 3283 2065 3359 ad
2113 3298 2375 3366 mutuo

380 3385 935 3476 succedendum
967 3404 1209 3472 semet
1243 3385 1612 3492 obligasse
1636 3443 1662 3482 ,
1717 3404 2128 3468 attestatur.

174 3500 468 3574 LXXII.
508 3496 715 3574 Idem
757 3493 1270 3602 Sigismundus
1318 3494 1687 3578 Joannem
1718 3495 2231 3576 aeNicolaum
2277 3496 2372 3596 de
2415 3543 2416 3548 =
2473 3573 2484 3588 ,

382 3607 628 3696 Peren
672 3604 752 3679 in
787 3622 1109 3681 castrum
1148 3597 1480 3690 Terebes
1514 3601 1937 3711 introduci,
1990 3608 2367 3713 statuique
2499 3645 2500 3648 ¹

382 3711 622 3787 iubet.
1711 3781 1716 3786 ,

183 3818 505 3895 LXXIII.
568 3817 772 3894 Idem
800 3817 984 3892 item
1021 3817 1098 3891 in
1135 3833 1455 3894 castrum
1485 3815 1791 3922 Nyalas.

188 3924 513 4002 LXXIV.
571 3921 778 4001 Idem
813 3926 994 4000 item
1035 3924 1111 3996 in
1154 3923 1516 4028 Nagyida.
1767 3935 1768 3938 ’

187 4030 481 4108 LXXV.
537 4029 751 4108 Idem
797 4033 980 4107 item
1020 4031 1098 4106 in
1137 4031 1369 4108 Fizer.

188 4135 524 4215 LXXVI.
563 4139 774 4216 Idem
813 4137 1040 4214 Paulo
1081 4139 1176 4228 <le
1225 4139 1581 4232 Pernen,
1632 4163 1770 4215 suo
1828 4139 2372 4219 Pincernorum

384 4245 481 4321 V.
531 4246 928 4352 Magistro,
999 4246 1500 4346 donationem·
1528 4246 1985 4383 impertiunt-3
