<?xml version="1.0" encoding="UTF-8"?>
<!DOCTYPE html PUBLIC "-//W3C//DTD XHTML 1.0 Transitional//EN"
    "http://www.w3.org/TR/xhtml1/DTD/xhtml1-transitional.dtd">
<html xmlns="http://www.w3.org/1999/xhtml" xml:lang="en" lang="en">
 <head>
  <title>
</title>
<meta http-equiv="Content-Type" content="text/html;charset=utf-8" />
  <meta name='ocr-system' content='tesseract 3.04.00' />
  <meta name='ocr-capabilities' content='ocr_page ocr_carea ocr_par ocr_line ocrx_word'/>
</head>
<body>
  <div class='ocr_page' id='page_1' title='image "./codexdiplomatic00fejgoog_0426.png"; bbox 0 0 2926 4849; ppageno 0'>
   <div class='ocr_carea' id='block_1_1' title="bbox 695 476 850 562">
    <p class='ocr_par' dir='ltr' id='par_1_1' title="bbox 695 476 850 562">
     <span class='ocr_line' id='line_1_1' title="bbox 695 476 850 562; baseline -0.006 -12"><span class='ocrx_word' id='word_1_1' title='bbox 695 476 850 562; x_wconf 72' lang='grc'>412</span> 
     </span>
    </p>
   </div>
   <div class='ocr_carea' id='block_1_2' title="bbox 503 677 2825 1964">
    <p class='ocr_par' dir='ltr' id='par_1_2' title="bbox 503 677 2825 1964">
     <span class='ocr_line' id='line_1_2' title="bbox 567 677 2783 789; baseline -0.001 -27"><span class='ocrx_word' id='word_1_2' title='bbox 567 687 737 762; x_wconf 76' lang='lat' dir='ltr'>&#39;rint</span> <span class='ocrx_word' id='word_1_3' title='bbox 772 682 893 761; x_wconf 84' lang='lat' dir='ltr'>vel</span> <span class='ocrx_word' id='word_1_4' title='bbox 929 711 1237 789; x_wconf 84' lang='lat' dir='ltr'>operam</span> <span class='ocrx_word' id='word_1_5' title='bbox 1272 679 1664 779; x_wconf 86' lang='lat' dir='ltr'>dederint,</span> <span class='ocrx_word' id='word_1_6' title='bbox 1652 687 1655 690; x_wconf 75' lang='grc'>’</span> <span class='ocrx_word' id='word_1_7' title='bbox 1699 679 2295 762; x_wconf 79' lang='lat' dir='ltr'><strong>maledictionem</strong></span> <span class='ocrx_word' id='word_1_8' title='bbox 2333 695 2412 760; x_wconf 89' lang='lat' dir='ltr'>et</span> <span class='ocrx_word' id='word_1_9' title='bbox 2442 677 2783 789; x_wconf 77' lang='lat' dir='ltr'>indigna·</span> 
     </span>
     <span class='ocr_line' id='line_1_3' title="bbox 588 789 2785 905; baseline -0 -35"><span class='ocrx_word' id='word_1_10' title='bbox 588 795 868 870; x_wconf 89' lang='lat' dir='ltr'>tionem</span> <span class='ocrx_word' id='word_1_11' title='bbox 902 793 1040 870; x_wconf 83' lang='lat' dir='ltr'>Dei</span> <span class='ocrx_word' id='word_1_12' title='bbox 1092 791 1670 905; x_wconf 75' lang='lat' dir='ltr'>omnipotentis,</span> <span class='ocrx_word' id='word_1_13' title='bbox 1723 792 1809 867; x_wconf 89' lang='grc' dir='ltr'>Β.</span> <span class='ocrx_word' id='word_1_14' title='bbox 1863 791 2189 898; x_wconf 71' lang='lat' dir='ltr'>Vizgi&#39;nis</span> <span class='ocrx_word' id='word_1_15' title='bbox 2223 789 2538 876; x_wconf 81' lang='lat' dir='ltr'>Mariae,</span> <span class='ocrx_word' id='word_1_16' title='bbox 2593 794 2785 869; x_wconf 86' lang='lat' dir='ltr'>Bea-</span> 
     </span>
     <span class='ocr_line' id='line_1_4' title="bbox 588 896 2785 1003; baseline -0.001 -25"><span class='ocrx_word' id='word_1_17' title='bbox 588 897 839 978; x_wconf 78' lang='lat' dir='ltr'>torum</span> <span class='ocrx_word' id='word_1_18' title='bbox 871 899 1406 1003; x_wconf 84' lang='lat' dir='ltr'>Apostolorum</span> <span class='ocrx_word' id='word_1_19' title='bbox 1445 897 1643 975; x_wconf 87' lang='lat' dir='ltr'>Petri</span> <span class='ocrx_word' id='word_1_20' title='bbox 1683 918 1759 974; x_wconf 89' lang='lat' dir='ltr'>et</span> <span class='ocrx_word' id='word_1_21' title='bbox 1787 896 2033 992; x_wconf 74' lang='lat' dir='ltr'>Pauli,</span> <span class='ocrx_word' id='word_1_22' title='bbox 2069 916 2146 974; x_wconf 91' lang='lat' dir='ltr'>et</span> <span class='ocrx_word' id='word_1_23' title='bbox 2176 898 2415 973; x_wconf 90' lang='lat' dir='ltr'>totius</span> <span class='ocrx_word' id='word_1_24' title='bbox 2435 898 2785 976; x_wconf 85' lang='lat' dir='ltr'>coelestis</span> 
     </span>
     <span class='ocr_line' id='line_1_5' title="bbox 593 1001 2787 1100; baseline -0 -17"><span class='ocrx_word' id='word_1_25' title='bbox 593 1007 887 1100; x_wconf 87' lang='lat' dir='ltr'>curiae,</span> <span class='ocrx_word' id='word_1_26' title='bbox 925 1032 1064 1082; x_wconf 89' lang='lat' dir='ltr'>nec</span> <span class='ocrx_word' id='word_1_27' title='bbox 1101 1032 1254 1081; x_wconf 89' lang='lat' dir='ltr'>non</span> <span class='ocrx_word' id='word_1_28' title='bbox 1301 1007 2151 1081; x_wconf 83' lang='lat' dir='ltr'>excommunicationem</span> <span class='ocrx_word' id='word_1_29' title='bbox 2197 1001 2513 1079; x_wconf 87' lang='lat' dir='ltr'>Summi</span> <span class='ocrx_word' id='word_1_30' title='bbox 2532 1006 2787 1082; x_wconf 89' lang='lat' dir='ltr'>Ponti-</span> 
     </span>
     <span class='ocr_line' id='line_1_6' title="bbox 511 1108 2784 1203; baseline 0 -16"><span class='ocrx_word' id='word_1_31' title='bbox 511 1127 514 1128; x_wconf 39' lang='lat'><em>*</em></span> <span class='ocrx_word' id='word_1_32' title='bbox 590 1110 750 1187; x_wconf 89' lang='lat' dir='ltr'>ficis</span> <span class='ocrx_word' id='word_1_33' title='bbox 806 1138 899 1186; x_wconf 91' lang='lat' dir='ltr'>eo</span> <span class='ocrx_word' id='word_1_34' title='bbox 948 1111 1151 1189; x_wconf 85' lang='lat' dir='ltr'>facto</span> <span class='ocrx_word' id='word_1_35' title='bbox 1198 1112 1600 1198; x_wconf 81' lang='lat' dir='ltr'>incurrant.</span> <span class='ocrx_word' id='word_1_36' title='bbox 1682 1108 2159 1188; x_wconf 74' lang='lat' dir='ltr'>prohibentes</span> <span class='ocrx_word' id='word_1_37' title='bbox 2218 1128 2515 1203; x_wconf 83' lang='lat' dir='ltr'>autem,</span> <span class='ocrx_word' id='word_1_38' title='bbox 2590 1109 2784 1188; x_wconf 80' lang='lat' dir='ltr'>nulli</span> 
     </span>
     <span class='ocr_line' id='line_1_7' title="bbox 588 1215 2782 1343; baseline 0 -48"><span class='ocrx_word' id='word_1_39' title='bbox 588 1219 940 1307; x_wconf 81' lang='lat' dir='ltr'><strong>fratrum,</strong></span> <span class='ocrx_word' id='word_1_40' title='bbox 993 1237 1123 1296; x_wconf 85' lang='lat' dir='ltr'>aut</span> <span class='ocrx_word' id='word_1_41' title='bbox 1163 1237 1561 1330; x_wconf 84' lang='lat' dir='ltr'>nepotum,</span> <span class='ocrx_word' id='word_1_42' title='bbox 1613 1215 2165 1343; x_wconf 81' lang='lat' dir='ltr'>haeredumque</span> <span class='ocrx_word' id='word_1_43' title='bbox 2221 1217 2531 1311; x_wconf 85' lang='lat' dir='ltr'>eorum,</span> <span class='ocrx_word' id='word_1_44' title='bbox 2584 1216 2782 1296; x_wconf 73' lang='lat' dir='ltr'>hanc</span> 
     </span>
     <span class='ocr_line' id='line_1_8' title="bbox 585 1277 2825 1430; baseline -0 -30"><span class='ocrx_word' id='word_1_45' title='bbox 585 1277 1063 1402; x_wconf 83' lang='lat' dir='ltr'>donationem</span> <span class='ocrx_word' id='word_1_46' title='bbox 1101 1326 1318 1400; x_wconf 88' lang='lat' dir='ltr'>liceat</span> <span class='ocrx_word' id='word_1_47' title='bbox 1348 1322 1679 1423; x_wconf 74' lang='lat' dir='ltr'>violate,</span> <span class='ocrx_word' id='word_1_48' title='bbox 1734 1322 2078 1427; x_wconf 74' lang='lat' dir='ltr'>frangere</span> <span class='ocrx_word' id='word_1_49' title='bbox 2134 1324 2215 1401; x_wconf 85' lang='lat' dir='ltr'>in</span> <span class='ocrx_word' id='word_1_50' title='bbox 2270 1333 2769 1430; x_wconf 84' lang='lat' dir='ltr'>perpetuum,</span> <span class='ocrx_word' id='word_1_51' title='bbox 2816 1341 2825 1350; x_wconf 83' lang='lat'><em>&#39;</em></span> 
     </span>
     <span class='ocr_line' id='line_1_9' title="bbox 587 1431 2782 1538; baseline 0.001 -31"><span class='ocrx_word' id='word_1_52' title='bbox 587 1456 719 1507; x_wconf 92' lang='lat' dir='ltr'>seu</span> <span class='ocrx_word' id='word_1_53' title='bbox 763 1431 1328 1538; x_wconf 81' lang='lat' dir='ltr'>quomodolibet</span> <span class='ocrx_word' id='word_1_54' title='bbox 1364 1431 1768 1537; x_wconf 82' lang='lat' dir='ltr'>impedire,</span> <span class='ocrx_word' id='word_1_55' title='bbox 1823 1457 1993 1509; x_wconf 85' lang='lat' dir='ltr'>cum</span> <span class='ocrx_word' id='word_1_56' title='bbox 2038 1447 2141 1512; x_wconf 88' lang='lat' dir='ltr'>et</span> <span class='ocrx_word' id='word_1_57' title='bbox 2160 1457 2256 1508; x_wconf 84' lang='lat' dir='ltr'>ex</span> <span class='ocrx_word' id='word_1_58' title='bbox 2308 1457 2571 1507; x_wconf 85' lang='lat' dir='ltr'>eorum</span> <span class='ocrx_word' id='word_1_59' title='bbox 2629 1459 2782 1509; x_wconf 83' lang='lat' dir='ltr'>vo·</span> 
     </span>
     <span class='ocr_line' id='line_1_10' title="bbox 589 1537 2782 1642; baseline 0.001 -28"><span class='ocrx_word' id='word_1_60' title='bbox 589 1538 873 1614; x_wconf 85' lang='lat' dir='ltr'>luntate</span> <span class='ocrx_word' id='word_1_61' title='bbox 895 1557 970 1616; x_wconf 87' lang='lat' dir='ltr'>et</span> <span class='ocrx_word' id='word_1_62' title='bbox 993 1545 1358 1616; x_wconf 86' lang='lat' dir='ltr'>consensu</span> <span class='ocrx_word' id='word_1_63' title='bbox 1385 1542 1847 1638; x_wconf 78' lang='lat' dir='ltr'>processerit.</span> <span class='ocrx_word' id='word_1_64' title='bbox 1869 1539 1973 1615; x_wconf 83' lang='lat' dir='ltr'>Vt</span> <span class='ocrx_word' id='word_1_65' title='bbox 1993 1553 2243 1615; x_wconf 88' lang='lat' dir='ltr'>autem</span> <span class='ocrx_word' id='word_1_66' title='bbox 2263 1537 2593 1642; x_wconf 85' lang='lat' dir='ltr'>praefata</span> <span class='ocrx_word' id='word_1_67' title='bbox 2626 1538 2782 1617; x_wconf 86' lang='lat' dir='ltr'>do-</span> 
     </span>
     <span class='ocr_line' id='line_1_11' title="bbox 585 1643 2784 1773; baseline 0 -53.003"><span class='ocrx_word' id='word_1_68' title='bbox 585 1643 795 1723; x_wconf 88' lang='lat' dir='ltr'>natio</span> <span class='ocrx_word' id='word_1_69' title='bbox 846 1663 1095 1721; x_wconf 85' lang='lat' dir='ltr'>nostra</span> <span class='ocrx_word' id='word_1_70' title='bbox 1124 1660 1573 1773; x_wconf 85' lang='lat' dir='ltr'>perpetuum</span> <span class='ocrx_word' id='word_1_71' title='bbox 1610 1643 1849 1722; x_wconf 86' lang='lat' dir='ltr'>robur</span> <span class='ocrx_word' id='word_1_72' title='bbox 1891 1661 1972 1724; x_wconf 81' lang='lat' dir='ltr'>et</span> <span class='ocrx_word' id='word_1_73' title='bbox 2008 1645 2449 1722; x_wconf 85' lang='lat' dir='ltr'>firmitatem</span> <span class='ocrx_word' id='word_1_74' title='bbox 2471 1644 2784 1721; x_wconf 87' lang='lat' dir='ltr'>obtine-</span> 
     </span>
     <span class='ocr_line' id='line_1_12' title="bbox 588 1749 2780 1876; baseline 0.001 -50"><span class='ocrx_word' id='word_1_75' title='bbox 588 1765 688 1847; x_wconf 83' lang='lat' dir='ltr'>at,</span> <span class='ocrx_word' id='word_1_76' title='bbox 736 1775 1089 1876; x_wconf 72' lang='lat' dir='ltr'>praesens</span> <span class='ocrx_word' id='word_1_77' title='bbox 1120 1752 1693 1830; x_wconf 83' lang='lat' dir='ltr'>instrumentum</span> <span class='ocrx_word' id='word_1_78' title='bbox 1726 1752 2076 1848; x_wconf 78' lang='lat' dir='ltr'>fecimus,</span> <span class='ocrx_word' id='word_1_79' title='bbox 2110 1749 2780 1876; x_wconf 82' lang='lat' dir='ltr'>mandauimusque</span> 
     </span>
     <span class='ocr_line' id='line_1_13' title="bbox 503 1853 2779 1964; baseline -0 -31"><span class='ocrx_word' id='word_1_80' title='bbox 503 1885 504 1888; x_wconf 70' lang='grc'>’</span> <span class='ocrx_word' id='word_1_81' title='bbox 585 1853 730 1933; x_wconf 85' lang='lat' dir='ltr'>sub</span> <span class='ocrx_word' id='word_1_82' title='bbox 784 1861 1245 1964; x_wconf 82' lang='lat' dir='ltr'>appensione</span> <span class='ocrx_word' id='word_1_83' title='bbox 1325 1861 1626 1935; x_wconf 88' lang='lat' dir='ltr'>maioris</span> <span class='ocrx_word' id='word_1_84' title='bbox 1679 1855 1893 1964; x_wconf 79' lang='lat' dir='ltr'>sigilli</span> <span class='ocrx_word' id='word_1_85' title='bbox 1944 1860 2179 1936; x_wconf 85' lang='lat' dir='ltr'>nostri</span> <span class='ocrx_word' id='word_1_86' title='bbox 2244 1855 2779 1934; x_wconf 85' lang='lat' dir='ltr'>roborandum.</span> 
     </span>
    </p>
   </div>
   <div class='ocr_carea' id='block_1_3' title="bbox 584 1962 2781 2189">
    <p class='ocr_par' dir='ltr' id='par_1_3' title="bbox 584 1962 2781 2189">
     <span class='ocr_line' id='line_1_14' title="bbox 584 1962 2781 2071; baseline 0.001 -32"><span class='ocrx_word' id='word_1_87' title='bbox 584 1962 870 2040; x_wconf 80' lang='lat' dir='ltr'>Datum</span> <span class='ocrx_word' id='word_1_88' title='bbox 900 1981 976 2041; x_wconf 86' lang='lat' dir='ltr'>et</span> <span class='ocrx_word' id='word_1_89' title='bbox 1009 1983 1258 2042; x_wconf 88' lang='lat' dir='ltr'>actum</span> <span class='ocrx_word' id='word_1_90' title='bbox 1296 1967 1374 2040; x_wconf 89' lang='lat' dir='ltr'>in</span> <span class='ocrx_word' id='word_1_91' title='bbox 1414 1983 1657 2043; x_wconf 88' lang='lat' dir='ltr'>castro</span> <span class='ocrx_word' id='word_1_92' title='bbox 1694 1983 1948 2042; x_wconf 83' lang='lat' dir='ltr'>nostro</span> <span class='ocrx_word' id='word_1_93' title='bbox 1980 1966 2205 2042; x_wconf 86' lang='lat' dir='ltr'>Novi.</span> <span class='ocrx_word' id='word_1_94' title='bbox 2250 1962 2414 2041; x_wconf 83' lang='lat' dir='ltr'>Vll.</span> <span class='ocrx_word' id='word_1_95' title='bbox 2470 1962 2781 2071; x_wconf 84' lang='lat' dir='ltr'>Aprilis.</span> 
     </span>
     <span class='ocr_line' id='line_1_15' title="bbox 589 2070 2068 2189; baseline 0.001 -42"><span class='ocrx_word' id='word_1_96' title='bbox 589 2072 818 2189; x_wconf 67' lang='lat' dir='ltr'>Anno</span> <span class='ocrx_word' id='word_1_97' title='bbox 857 2070 1363 2149; x_wconf 81' lang='lat' dir='ltr'>MCDXXXI.</span> <span class='ocrx_word' id='word_1_98' title='bbox 1420 2071 1834 2150; x_wconf 86' lang='lat' dir='ltr'>Indictione</span> <span class='ocrx_word' id='word_1_99' title='bbox 1869 2073 2008 2149; x_wconf 85' lang='lat' dir='ltr'>IX.</span> <span class='ocrx_word' id='word_1_100' title='bbox 2017 2075 2068 2119; x_wconf 71' lang='lat'>‘⁶</span> 
     </span>
    </p>
   </div>
   <div class='ocr_carea' id='block_1_4' title="bbox 582 2198 2207 2297">
    <p class='ocr_par' dir='ltr' id='par_1_4' title="bbox 582 2198 2207 2297">
     <span class='ocr_line' id='line_1_16' title="bbox 582 2198 2207 2297; baseline 0.001 -30"><span class='ocrx_word' id='word_1_101' title='bbox 582 2286 598 2297; x_wconf 34' lang='grc' dir='ltr'><strong>ο</strong></span> <span class='ocrx_word' id='word_1_102' title='bbox 673 2199 859 2290; x_wconf 81' lang='lat' dir='ltr'>Apud</span> <span class='ocrx_word' id='word_1_103' title='bbox 891 2201 1116 2267; x_wconf 54' lang='lat' dir='ltr'>[farlati</span> <span class='ocrx_word' id='word_1_104' title='bbox 1150 2203 1285 2291; x_wconf 68' lang='lat'><em>111).</em></span> <span class='ocrx_word' id='word_1_105' title='bbox 1327 2208 1395 2267; x_wconf 78' lang='lat'>8.</span> <span class='ocrx_word' id='word_1_106' title='bbox 1437 2206 1644 2267; x_wconf 81' lang='lat' dir='ltr'>Tomo</span> <span class='ocrx_word' id='word_1_107' title='bbox 1679 2198 1783 2267; x_wconf 81' lang='lat' dir='ltr'>lV.</span> <span class='ocrx_word' id='word_1_108' title='bbox 1822 2227 1886 2290; x_wconf 83' lang='lat' dir='ltr'>p.</span> <span class='ocrx_word' id='word_1_109' title='bbox 1934 2204 2207 2268; x_wconf 80' lang='lat'><strong>101—2.</strong></span> 
     </span>
    </p>
   </div>
   <div class='ocr_carea' id='block_1_5' title="bbox 593 2360 2124 2544">
    <p class='ocr_par' dir='ltr' id='par_1_5' title="bbox 593 2360 2097 2544">
     <span class='ocr_line' id='line_1_17' title="bbox 1528 2360 1858 2440; baseline -0.01 0"><span class='ocrx_word' id='word_1_110' title='bbox 1528 2360 1858 2440; x_wconf 77' lang='lat' dir='ltr'>CLXIV,</span> 
     </span>
     <span class='ocr_line' id='line_1_18' title="bbox 593 2484 2124 2544; baseline -0.002 0"><span class='ocrx_word' id='word_1_111' title='bbox 593 2488 899 2544; x_wconf 69' lang='grc' dir='ltr'>Οσηιίιαιιισ</span> <span class='ocrx_word' id='word_1_112' title='bbox 933 2485 1256 2543; x_wconf 66' lang='lat' dir='ltr'>Palmensis</span> <span class='ocrx_word' id='word_1_113' title='bbox 1275 2486 1524 2543; x_wconf 70' lang='lat' dir='ltr'>sctit-iam</span> <span class='ocrx_word' id='word_1_114' title='bbox 1558 2484 1701 2539; x_wconf 77' lang='lat' dir='ltr'>celeb</span> <span class='ocrx_word' id='word_1_115' title='bbox 1704 2498 1813 2538; x_wconf 67' lang='lat' dir='ltr'>wc</span> <span class='ocrx_word' id='word_1_116' title='bbox 1847 2484 1917 2540; x_wconf 91' lang='lat' dir='ltr'>A.</span> <span class='ocrx_word' id='word_1_117' title='bbox 1964 2484 2124 2541; x_wconf 80' lang='grc'><strong>1431</strong></span> 
     </span>
    </p>
   </div>
   <div class='ocr_carea' id='block_1_6' title="bbox 536 2568 2787 4217">
    <p class='ocr_par' dir='ltr' id='par_1_6' title="bbox 536 2568 2787 4198">
     <span class='ocr_line' id='line_1_19' title="bbox 746 2568 2781 2695; baseline -0.002 -20.948"><span class='ocrx_word' id='word_1_118' title='bbox 746 2568 941 2681; x_wconf 88' lang='lat' dir='ltr'>Nos</span> <span class='ocrx_word' id='word_1_119' title='bbox 971 2595 1232 2673; x_wconf 89' lang='lat' dir='ltr'>Danch</span> <span class='ocrx_word' id='word_1_120' title='bbox 1268 2594 1363 2673; x_wconf 87' lang='lat' dir='ltr'>de</span> <span class='ocrx_word' id='word_1_121' title='bbox 1395 2592 1858 2695; x_wconf 82' lang='lat' dir='ltr'>Zerdahely,</span> <span class='ocrx_word' id='word_1_122' title='bbox 1876 2608 1993 2672; x_wconf 89' lang='lat' dir='ltr'>et</span> <span class='ocrx_word' id='word_1_123' title='bbox 2020 2592 2398 2671; x_wconf 68' lang='lat' dir='ltr'>Iohannes</span> <span class='ocrx_word' id='word_1_124' title='bbox 2435 2594 2637 2689; x_wconf 79' lang='lat' dir='ltr'>Kun</span> <span class='ocrx_word' id='word_1_125' title='bbox 2648 2595 2781 2671; x_wconf 86' lang='lat' dir='ltr'>Vi&#39;·</span> 
     </span>
     <span class='ocr_line' id='line_1_20' title="bbox 590 2683 2785 2799; baseline -0 -18"><span class='ocrx_word' id='word_1_126' title='bbox 590 2728 681 2781; x_wconf 88' lang='lat' dir='ltr'>ce</span> <span class='ocrx_word' id='word_1_127' title='bbox 745 2705 1113 2799; x_wconf 88' lang='lat' dir='ltr'>Comites,</span> <span class='ocrx_word' id='word_1_128' title='bbox 1202 2728 1343 2779; x_wconf 87' lang='lat' dir='ltr'>nee</span> <span class='ocrx_word' id='word_1_129' title='bbox 1408 2728 1589 2778; x_wconf 90' lang='lat' dir='ltr'>non</span> <span class='ocrx_word' id='word_1_130' title='bbox 1617 2699 1967 2777; x_wconf 87' lang='lat' dir='ltr'>Nicolaus</span> <span class='ocrx_word' id='word_1_131' title='bbox 2023 2699 2214 2777; x_wconf 85' lang='lat' dir='ltr'>filius</span> <span class='ocrx_word' id='word_1_132' title='bbox 2264 2683 2635 2778; x_wconf 85' lang='lat' dir='ltr'>Johannis</span> <span class='ocrx_word' id='word_1_133' title='bbox 2683 2704 2785 2780; x_wconf 90' lang='lat' dir='ltr'>de</span> 
     </span>
     <span class='ocr_line' id='line_1_21' title="bbox 585 2805 2781 2916; baseline -0.001 -29"><span class='ocrx_word' id='word_1_134' title='bbox 585 2809 1019 2916; x_wconf 85' lang='lat' dir='ltr'>Weegfalu‚</span> <span class='ocrx_word' id='word_1_135' title='bbox 1063 2807 1462 2887; x_wconf 47' lang='lat' dir='ltr'>„Iohannes</span> <span class='ocrx_word' id='word_1_136' title='bbox 1525 2808 1621 2884; x_wconf 93' lang='lat' dir='ltr'>de</span> <span class='ocrx_word' id='word_1_137' title='bbox 1662 2806 1945 2903; x_wconf 88' lang='lat' dir='ltr'>Abeel,</span> <span class='ocrx_word' id='word_1_138' title='bbox 1964 2805 2369 2889; x_wconf 70' lang='grc' dir='ltr'>’Βειάὶεῑαιιε</span> <span class='ocrx_word' id='word_1_139' title='bbox 2410 2808 2551 2884; x_wconf 85' lang='lat' dir='ltr'>de</span> <span class='ocrx_word' id='word_1_140' title='bbox 2570 2807 2781 2897; x_wconf 83' lang='lat' dir='ltr'>Uzd‚</span> 
     </span>
     <span class='ocr_line' id='line_1_22' title="bbox 590 2890 2784 3010; baseline 0.001 -16"><span class='ocrx_word' id='word_1_141' title='bbox 590 2935 664 2995; x_wconf 88' lang='lat' dir='ltr'>et</span> <span class='ocrx_word' id='word_1_142' title='bbox 699 2917 1053 2999; x_wconf 82' lang='lat' dir='ltr'>Nicolaus</span> <span class='ocrx_word' id='word_1_143' title='bbox 1085 2916 1181 2995; x_wconf 89' lang='lat' dir='ltr'>de</span> <span class='ocrx_word' id='word_1_144' title='bbox 1226 2913 1629 3010; x_wconf 61' lang='lat' dir='ltr'>Wezned5</span> <span class='ocrx_word' id='word_1_145' title='bbox 1663 2911 1970 2992; x_wconf 86' lang='lat' dir='ltr'>Judices</span> <span class='ocrx_word' id='word_1_146' title='bbox 2013 2890 2400 2993; x_wconf 83' lang='lat' dir='ltr'>Nobilium</span> <span class='ocrx_word' id='word_1_147' title='bbox 2440 2916 2784 2996; x_wconf 81' lang='lat' dir='ltr'>Comita-</span> 
     </span>
     <span class='ocr_line' id='line_1_23' title="bbox 587 3017 2787 3127; baseline 0 -26"><span class='ocrx_word' id='word_1_148' title='bbox 587 3040 707 3101; x_wconf 85' lang='lat' dir='ltr'>tus</span> <span class='ocrx_word' id='word_1_149' title='bbox 740 3024 1168 3121; x_wconf 87' lang='lat' dir='ltr'>Tolnensis,</span> <span class='ocrx_word' id='word_1_150' title='bbox 1206 3024 1633 3102; x_wconf 82' lang='lat' dir='ltr'>memoriae</span> <span class='ocrx_word' id='word_1_151' title='bbox 1644 3021 2280 3108; x_wconf 81' lang='lat' dir='ltr'>commendamus,</span> <span class='ocrx_word' id='word_1_152' title='bbox 2317 3017 2551 3127; x_wconf 87' lang='lat' dir='ltr'>quod</span> <span class='ocrx_word' id='word_1_153' title='bbox 2561 3025 2787 3115; x_wconf 84' lang='lat' dir='ltr'>nobis</span> 
     </span>
     <span class='ocr_line' id='line_1_24' title="bbox 585 3126 2783 3235; baseline 0.002 -29"><span class='ocrx_word' id='word_1_154' title='bbox 585 3126 777 3209; x_wconf 79' lang='lat' dir='ltr'>feria</span> <span class='ocrx_word' id='word_1_155' title='bbox 850 3128 1170 3209; x_wconf 86' lang='lat' dir='ltr'>secunda</span> <span class='ocrx_word' id='word_1_156' title='bbox 1257 3130 1604 3235; x_wconf 79' lang='lat' dir='ltr'>proxima</span> <span class='ocrx_word' id='word_1_157' title='bbox 1690 3148 1859 3233; x_wconf 88' lang='lat' dir='ltr'>post</span> <span class='ocrx_word' id='word_1_158' title='bbox 1928 3129 2202 3205; x_wconf 81' lang='lat' dir='ltr'>festum</span> <span class='ocrx_word' id='word_1_159' title='bbox 2272 3129 2525 3207; x_wconf 86' lang='lat' dir='ltr'>Sancti</span> <span class='ocrx_word' id='word_1_160' title='bbox 2612 3134 2783 3210; x_wconf 85' lang='lat' dir='ltr'>Ge·-</span> 
     </span>
     <span class='ocr_line' id='line_1_25' title="bbox 586 3232 2780 3343; baseline 0.001 -28"><span class='ocrx_word' id='word_1_161' title='bbox 586 3238 776 3343; x_wconf 85' lang='lat' dir='ltr'>orgii</span> <span class='ocrx_word' id='word_1_162' title='bbox 822 3236 1225 3340; x_wconf 85' lang='lat' dir='ltr'>Martyris,</span> <span class='ocrx_word' id='word_1_163' title='bbox 1281 3263 1454 3313; x_wconf 87' lang='lat' dir='ltr'>cum</span> <span class='ocrx_word' id='word_1_164' title='bbox 1491 3234 1865 3313; x_wconf 87' lang='lat' dir='ltr'>nonnullis</span> <span class='ocrx_word' id='word_1_165' title='bbox 1904 3232 2084 3313; x_wconf 90' lang='lat' dir='ltr'>dicti</span> <span class='ocrx_word' id='word_1_166' title='bbox 2135 3234 2542 3315; x_wconf 87' lang='lat' dir='ltr'>Comitatus</span> <span class='ocrx_word' id='word_1_167' title='bbox 2603 3240 2780 3318; x_wconf 89' lang='lat' dir='ltr'>No-</span> 
     </span>
     <span class='ocr_line' id='line_1_26' title="bbox 568 3341 2781 3450; baseline 0.001 -30"><span class='ocrx_word' id='word_1_168' title='bbox 568 3343 898 3429; x_wconf 75' lang='lat' dir='ltr'>bilibus,</span> <span class='ocrx_word' id='word_1_169' title='bbox 955 3372 1100 3450; x_wconf 86' lang='lat' dir='ltr'>pro</span> <span class='ocrx_word' id='word_1_170' title='bbox 1135 3341 1473 3421; x_wconf 81' lang='lat' dir='ltr'>faciendo</span> <span class='ocrx_word' id='word_1_171' title='bbox 1516 3342 1984 3418; x_wconf 86' lang='lat' dir='ltr'>moderatiuo</span> <span class='ocrx_word' id='word_1_172' title='bbox 2047 3343 2096 3416; x_wconf 89' lang='lat' dir='ltr'><strong>J</strong></span> <span class='ocrx_word' id='word_1_173' title='bbox 2098 3341 2355 3420; x_wconf 73' lang='lat' dir='ltr'>udnelo</span> <span class='ocrx_word' id='word_1_174' title='bbox 2397 3347 2781 3423; x_wconf 86' lang='lat' dir='ltr'>causanti-</span> 
     </span>
     <span class='ocr_line' id='line_1_27' title="bbox 558 3447 2784 3547; baseline 0.001 -19"><span class='ocrx_word' id='word_1_175' title='bbox 558 3451 827 3547; x_wconf 74' lang='lat' dir='ltr'>‘&#39;bus,&#39;</span> <span class='ocrx_word' id='word_1_176' title='bbox 805 3480 885 3526; x_wconf 87' lang='lat' dir='ltr'>m</span> <span class='ocrx_word' id='word_1_177' title='bbox 913 3450 1090 3529; x_wconf 89' lang='lat' dir='ltr'>sede</span> <span class='ocrx_word' id='word_1_178' title='bbox 1121 3470 1373 3528; x_wconf 87' lang='lat' dir='ltr'>nostra</span> <span class='ocrx_word' id='word_1_179' title='bbox 1412 3452 1459 3526; x_wconf 91' lang='lat' dir='ltr'><strong>J</strong></span> <span class='ocrx_word' id='word_1_180' title='bbox 1461 3448 1817 3527; x_wconf 69' lang='lat' dir='ltr'>udiciaria</span> <span class='ocrx_word' id='word_1_181' title='bbox 1846 3447 2347 3544; x_wconf 87' lang='lat' dir='ltr'>sedentibus,</span> <span class='ocrx_word' id='word_1_182' title='bbox 2373 3447 2784 3530; x_wconf 83' lang='lat' dir='ltr'>honorabi-</span> 
     </span>
     <span class='ocr_line' id='line_1_28' title="bbox 586 3553 2782 3663; baseline 0.002 -30"><span class='ocrx_word' id='word_1_183' title='bbox 586 3557 678 3637; x_wconf 86' lang='lat' dir='ltr'>lis</span> <span class='ocrx_word' id='word_1_184' title='bbox 715 3586 802 3636; x_wconf 87' lang='lat' dir='ltr'>ac</span> <span class='ocrx_word' id='word_1_185' title='bbox 835 3559 1224 3663; x_wconf 83' lang='lat' dir='ltr'>religiosus</span> <span class='ocrx_word' id='word_1_186' title='bbox 1259 3557 1422 3652; x_wconf 80' lang='lat' dir='ltr'>vir,</span> <span class='ocrx_word' id='word_1_187' title='bbox 1479 3555 1834 3659; x_wconf 81' lang='lat' dir='ltr'>Magister</span> <span class='ocrx_word' id='word_1_188' title='bbox 1863 3553 2180 3651; x_wconf 83' lang='lat' dir='ltr'>Thomas</span> <span class='ocrx_word' id='word_1_189' title='bbox 2230 3557 2574 3634; x_wconf 77' lang='lat' dir='ltr'>Crucifer</span> <span class='ocrx_word' id='word_1_190' title='bbox 2625 3559 2782 3637; x_wconf 85' lang='lat' dir='ltr'>do·-</span> 
     </span>
     <span class='ocr_line' id='line_1_29' title="bbox 581 3644 2785 3787; baseline 0.001 -44"><span class='ocrx_word' id='word_1_191' title='bbox 581 3689 758 3743; x_wconf 84' lang='lat' dir='ltr'>mus</span> <span class='ocrx_word' id='word_1_192' title='bbox 798 3661 1173 3771; x_wconf 87' lang='lat' dir='ltr'>hospitalis</span> <span class='ocrx_word' id='word_1_193' title='bbox 1207 3664 1410 3742; x_wconf 88' lang='lat' dir='ltr'>beati</span> <span class='ocrx_word' id='word_1_194' title='bbox 1444 3664 1642 3768; x_wconf 86' lang='lat' dir='ltr'>regis</span> <span class='ocrx_word' id='word_1_195' title='bbox 1678 3644 2051 3787; x_wconf 78' lang='lat' dir='ltr'>Stephani</span> <span class='ocrx_word' id='word_1_196' title='bbox 2088 3663 2182 3740; x_wconf 88' lang='lat' dir='ltr'>de</span> <span class='ocrx_word' id='word_1_197' title='bbox 2222 3661 2462 3760; x_wconf 83' lang='lat' dir='ltr'>Alba‚·</span> <span class='ocrx_word' id='word_1_198' title='bbox 2515 3666 2596 3741; x_wconf 90' lang='lat' dir='ltr'>in</span> <span class='ocrx_word' id='word_1_199' title='bbox 2642 3692 2785 3745; x_wconf 86' lang='lat' dir='ltr'>sua</span> 
     </span>
     <span class='ocr_line' id='line_1_30' title="bbox 584 3766 2782 3875; baseline -0.002 -27"><span class='ocrx_word' id='word_1_200' title='bbox 584 3787 664 3849; x_wconf 88' lang='lat' dir='ltr'>et</span> <span class='ocrx_word' id='word_1_201' title='bbox 705 3791 1116 3851; x_wconf 84' lang='lat' dir='ltr'>conuentus</span> <span class='ocrx_word' id='word_1_202' title='bbox 1142 3771 1291 3850; x_wconf 86' lang='lat' dir='ltr'>loci</span> <span class='ocrx_word' id='word_1_203' title='bbox 1336 3770 1666 3850; x_wconf 88' lang='lat' dir='ltr'>eiusdem</span> <span class='ocrx_word' id='word_1_204' title='bbox 1702 3772 2078 3875; x_wconf 88' lang='lat' dir='ltr'>personis,</span> <span class='ocrx_word' id='word_1_205' title='bbox 2132 3766 2589 3869; x_wconf 88' lang='lat' dir='ltr'>Johannem,</span> <span class='ocrx_word' id='word_1_206' title='bbox 2643 3771 2782 3851; x_wconf 84' lang='lat' dir='ltr'>fili.</span> 
     </span>
     <span class='ocr_line' id='line_1_31' title="bbox 580 3875 2783 3981; baseline 0.004 -30"><span class='ocrx_word' id='word_1_207' title='bbox 580 3882 716 3955; x_wconf 79' lang='lat' dir='ltr'>um</span> <span class='ocrx_word' id='word_1_208' title='bbox 746 3876 1005 3957; x_wconf 80' lang='lat' dir='ltr'>Jacobi</span> <span class='ocrx_word' id='word_1_209' title='bbox 1026 3938 1050 3978; x_wconf 90' lang='lat'>,</span> <span class='ocrx_word' id='word_1_210' title='bbox 1101 3879 1198 3958; x_wconf 87' lang='lat' dir='ltr'>de</span> <span class='ocrx_word' id='word_1_211' title='bbox 1234 3875 1655 3967; x_wconf 79' lang='lat' dir='ltr'>Zakadath&#39;,</span> <span class='ocrx_word' id='word_1_212' title='bbox 1713 3903 1969 3954; x_wconf 84' lang='lat' dir='ltr'>coram</span> <span class='ocrx_word' id='word_1_213' title='bbox 2009 3876 2249 3955; x_wconf 75' lang='lat' dir='ltr'>nohis</span> <span class='ocrx_word' id='word_1_214' title='bbox 2282 3875 2783 3981; x_wconf 77' lang='lat' dir='ltr'>personaliter</span> 
     </span>
     <span class='ocr_line' id='line_1_32' title="bbox 536 3931 2772 4110; baseline 0.002 -50"><span class='ocrx_word' id='word_1_215' title='bbox 536 3992 540 3996; x_wconf 75' lang='grc'><strong><em>’</em></strong></span> <span class='ocrx_word' id='word_1_216' title='bbox 573 3990 1004 4110; x_wconf 76' lang='lat' dir='ltr'>repertum,</span> <span class='ocrx_word' id='word_1_217' title='bbox 1059 4004 1135 4064; x_wconf 92' lang='lat' dir='ltr'>et</span> <span class='ocrx_word' id='word_1_218' title='bbox 1165 3989 1345 4064; x_wconf 86' lang='lat' dir='ltr'>alios</span> <span class='ocrx_word' id='word_1_219' title='bbox 1380 3931 1774 4099; x_wconf 80' lang='lat' dir='ltr'>quoslibet</span> <span class='ocrx_word' id='word_1_220' title='bbox 1811 4002 2186 4107; x_wconf 79' lang='lat' dir='ltr'>tamquam</span> <span class='ocrx_word' id='word_1_221' title='bbox 2233 3983 2613 4082; x_wconf 64' lang='lat' dir='ltr'>absentes»,</span> <span class='ocrx_word' id='word_1_222' title='bbox 2670 3988 2772 4065; x_wconf 84' lang='lat' dir='ltr'>ab</span> 
     </span>
     <span class='ocr_line' id='line_1_33' title="bbox 573 4093 2773 4217; baseline 0.001 -47.01"><span class='ocrx_word' id='word_1_223' title='bbox 573 4093 1079 4217; x_wconf 82' lang='lat' dir='ltr'>occupatione</span> <span class='ocrx_word' id='word_1_224' title='bbox 1121 4112 1199 4172; x_wconf 91' lang='lat' dir='ltr'>et</span> <span class='ocrx_word' id='word_1_225' title='bbox 1243 4095 1675 4171; x_wconf 83' lang='lat' dir='ltr'>detentione</span> <span class='ocrx_word' id='word_1_226' title='bbox 1723 4094 2088 4194; x_wconf 84' lang='lat' dir='ltr'>portionis</span> <span class='ocrx_word' id='word_1_227' title='bbox 2151 4097 2773 4198; x_wconf 84' lang='lat' dir='ltr'>possessionariae</span> 
     </span>
    </p>
   </div>
   <div class='ocr_carea' id='block_1_7' title="bbox 585 4196 2772 4343">
    <p class='ocr_par' dir='ltr' id='par_1_7' title="bbox 585 4196 2772 4343">
     <span class='ocr_line' id='line_1_34' title="bbox 585 4196 2772 4343; baseline 0.001 -63"><span class='ocrx_word' id='word_1_228' title='bbox 585 4222 855 4281; x_wconf 83' lang='lat' dir='ltr'>eorum</span> <span class='ocrx_word' id='word_1_229' title='bbox 879 4196 968 4281; x_wconf 86' lang='lat' dir='ltr'>in</span> <span class='ocrx_word' id='word_1_230' title='bbox 996 4205 1462 4310; x_wconf 81' lang='lat' dir='ltr'>possessione</span> <span class='ocrx_word' id='word_1_231' title='bbox 1499 4202 1833 4281; x_wconf 73' lang='lat' dir='ltr'>Get-enas</span> <span class='ocrx_word' id='word_1_232' title='bbox 1866 4217 2151 4343; x_wconf 75' lang='lat' dir='ltr'>vocata,</span> <span class='ocrx_word' id='word_1_233' title='bbox 2185 4197 2477 4287; x_wconf 81' lang='lat' dir='ltr'>habitae</span> <span class='ocrx_word' id='word_1_234' title='bbox 2495 4256 2520 4301; x_wconf 86' lang='lat'><strong>,</strong></span> <span class='ocrx_word' id='word_1_235' title='bbox 2557 4228 2772 4312; x_wconf 85' lang='lat' dir='ltr'>prae-</span> 
     </span>
    </p>
   </div>
  </div>
 </body>
</html>
