2926 4849
669 450 818 521 744

555 686 677 737 nm
718 657 1130 744 auferatur,
1190 652 1355 730 loca
1401 653 1688 743 omnia,
1746 669 1823 726 et
1886 651 2170 752 singula
2227 648 2775 735 ecclesiarum,

555 762 965 871 populique
1017 757 1538 835 Parochiarum
1583 756 2104 860 signabuntur,
2160 758 2236 831 in
2282 754 2563 860 quibus
2603 750 2767 831 et'a

553 871 826 973 quibus
897 866 1325 943 communio
1378 862 1747 966 dupplicis
1819 864 2092 965 speciei
2162 861 2612 939 seruabatur
2676 865 2757 936 in

553 976 768 1082 praxi
793 1033 815 1068 ‚
873 992 953 1048 vt
987 975 1061 1045 in
1103 969 1436 1047 futurum
1478 995 1616 1072 pro
1662 988 2030 1072 perpetuo
2065 973 2139 1043 in
2188 966 2463 1044 eisdem
2500 995 2758 1043 serua-

549 1102 783 1159 retur.
873 1080 1083 1168 Quae
1133 1080 1437 1178 quidem
1505 1077 1930 1177 consignata
1991 1079 2065 1150 in
2111 1077 2316 1150 litera
2374 1076 2695 1179 speciali
2733 1134 2751 1167 ‚

550 1191 627 1265 in
666 1187 900 1263 robur
937 1204 1013 1263 et
1041 1202 1475 1287 perpetuam
1510 1186 1621 1257 rei
1656 1184 2117 1275 memoriam,
2160 1181 2399 1283 sigillo
2439 1201 2753 1258 nostrae

550 1294 944 1370 Maiestatis
993 1293 1459 1384 munientur,
1517 1288 1648 1365 sed
1703 1293 1777 1365 in
1835 1287 1976 1363 hoc
2024 1288 2412 1382 volumus,
2472 1305 2559 1360 vt
2616 1315 2753 1392 per

555 1403 914 1476 Dominos
972 1398 1392 1488 Bohemos‚
1437 1394 1894 1499 'generosOS,
1947 1395 2296 1485 Nobiles,
2350 1413 2751 1488 strenuos,

557 1509 876 1585 famosos
938 1505 1290 1607 pragam,
1341 1521 1417 1581 et
1468 1505 1802 1603 ciuitates
1862 1502 2072 1592 alias,
2129 1529 2269 1575 vna
2310 1527 2483 1577 cum
2526 1500 2753 1576 Clero

558 1615 938 1716 Pragensis
1002 1611 1745 1714 Archiepiscopatus,
1802 1634 1969 1685 eum
2034 1608 2637 1711 aliis.Episcopis
2673 1609 2754 1684 ti-

556 1720 916 1795 tularibus
972 1719 1378 1820 eligantur,
1434 1718 1567 1816 qui
1616 1715 1919 1820 quidem
1956 1714 2201 1790 Electi
2241 1742 2377 1818 per
2411 1736 2753 1792 nostram

556 1824 1113 1929 dispositionem
1163 1823 1490 1898 debitam
1539 1822 2090 1899 solicitudinem
2131 1839 2205 1895 et
2248 1848 2539 1913 curam,
2576 1848 2752 1907 con·

559 1932 1096 2022 firmabuntur,
1152 1949 1228 2004 et
1268 1928 1798 2033 itt-Episcopus
1848 1927 2536 2013 consecrabuntur,
2590 1930 2719 2004 abs

559 2065 709 2143 que
777 2041 1036 2141 quauis
1090 2035 1694 2126 confirmatione,
1768 2037 1970 2137 pallii
2045 2032 2551 2127 exhibitione,
2620 2054 2747 2112 aut

562 2146 787 2220 etiam
830 2145 1132 2219 notariis
1160 2199 1180 2236 ‚
1238 2140 1765 2244 pei-solutione.
1831 2141 1927 2216 Et
1967 2158 2163 2218 totus
2211 2142 2468 2218 Clerus
2511 2145 2751 2218 Dioe-

564 2253 753 2326 cesis
789 2250 1165 2354 pragensis
1202 2249 1458 2325 subiici
1501 2249 1636 2352 ipsi
1683 2245 2301 2352 Archiepiscopo',
2361 2277 2500 2355 per
2544 2279 2754 2349 prae·

563 2355 758 2433 fatos
801 2360 1155 2434 Dominos
1197 2356 1437 2433 electo
1465 2411 1487 2451 ,
1543 2353 1913 2432 tenebitur
1951 2372 2028 2431 et
2075 2352 2406 2432 obedire.
2498 2357 2759 2434 Scho-

565 2464 753 2541 lares
813 2465 1033 2540 etiam
1103 2466 1480 2566 pragensis
1538 2465 1960 2549 Dioecesis‚
2045 2464 2346 2566 vtriqu'c
2403 2483 2554 2539 tam
2618 2465 2759 2544 suh

565 2598 710 2645 vna
745 2597 970 2671 quam
1006 2570 1147 2645 sub
1184 2587 1500 2669 vtraque
1538 2571 2164 2645 communicantes
2192 2572 2475 2670 specie,
2524 2574 2759 2650 habi-

564 2677 772 2751 litate
818 2694 893 2752 et
933 2674 1335 2750 idoneitate
1375 2675 1672 2750 illorum
1717 2682 2312 2780 praesupposita,
2373 2678 2464 2752 ad
2497 2706 2758 2756 sacros

568 2781 867 2859 ordines
919 2800 1545 2887 promoueantur‚
1610 2799 1685 2858 et
1728 2781 2213 2878 ordinentur3
2270 2782 2450 2859 nihil
2496 2802 2754 2862 tamen

567 2912 834 2964 eorum
872 2916 1007 2993 per
1036 2888 1213 2965 haec
1249 2915 1508 2964 causae
1541 2909 1615 2966 et
1648 2893 1855 2992 praxi
1897 2893 2437 2967 communionis
2476 2919 2759 2968 eurum

571 2994 1018 3096 deroganda
1109 2995 1302 3073 Tum
1361 2999 1535 3099 quia
1578 2997 1870 3071 licentia
1916 3023 2049 3099 per
2094 3024 2383 3073 sacrum
2425 3000 2759 3075 concili-

571 3128 701 3176 um
769 3103 1179 3179 Ba-sileense
1250 3103 1596 3179 omnibus
1654 3122 1797 3178 tam
1869 3107 1944 3177 in
2009 3129 2242 3207 regno
2305 3104 2759 3203 Bohemiae,

568 3235 795 3311 quam
863 3208 1371 3283 Marchionatu
1463 3210 1843 3286 Morauiae
1915 3212 2331 3287 constitutis
2395 3208 2755 3309 dabitur,

568 3314 706 3388 sub
747 3317 1066 3418 vtraqu'e
1106 3318 1354 3418 specie
1411 3303 2049 3408 communicandi,
2102 3319 2511 3421 Episcopus
2546 3319 2752 3395 010·

568 3421 933 3496 mucensis
978 3422 1254 3498 scilicet·
1305 3440 1379 3498 et
1431 3419 2062 3501 Leutliomislensis
2106 3423 2468 3528 populum
2521 3426 2750 3503 laica·

566 3527 711 3599 lem
764 3524 1297 3605 desiderantem
1367 3531 1506 3604 sub
1589 3545 1904 3631 vtraque
1958 3534 2208 3633 specie
2284 3533 2751 3608 tenebuntur

565 3637 1152 3728 communicare,
1209 3637 1914 3739 promouebuntque
1950 3636 2340 3729 scholares,
2394 3656 2468 3714 et
2507 3637 2600 3713 ad
2641 3667 2754 3715 sa—

562 3764 732 3816 cros
787 3741 1086 3816 ordines
1145 3741 1722 3826 consecrabunt.
1779 3742 2177 3821 idoneitate
2230 3761 2308 3820 et
2363 3744 2754 3822 habilitate

557 3871 821 3921 eorum
879 3851 1478 3951 praesupposita,
1533 3852 1664 3950 qui
1701 3847 1978 3927 vellent
2029 3850 2169 3927 sub
2226 3866 2541 3954 vti-aque
2580 3877 2754 3958 spe·

556 3955 674 4028 cie
722 3953 1085 4058 populum
1149 3956 1479 4031 laicalem
1538 3958 2117 4034 communicare.
2211 3959 2304 4033 Et
2351 3956 2753 4062 disponere

558 4056 944 4138 debebunt
988 4055 1451 4154 sacerdotes,
1520 4061 1613 4141 ad
1673 4064 1830 4141 loca
1892 4090 2186 4148 suarum
2253 4063 2750 4159 dioecesium,

450 4267 458 4272 -
554 4167 631 4238 in
668 4167 942 4269 quibus
991 4166 1318 4273 praefata
1386 4174 1813 4248 communio
1865 4173 2077 4248 annis
2118 4169 2341 4276 lapsis
2390 4169 2749 4249 seruaba-
