2926 4849
671 451 829 530 558

573 659 676 742 sis
709 663 1121 763 vicaryque
1159 653 1428 752 Vestre
1469 654 1874 736 Maiestatis
1913 660 2374 765 consignatas
2416 687 2765 771 sumpmo

570 796 745 847 cum
796 765 1086 856 bonore
1137 768 1559 872 recepimus
1598 768 1675 841 in
1725 765 1866 843 hec
1916 767 2183 844 verba:
2242 768 2762 874 sigismundus

568 874 691 951 dei
730 877 960 980 gratia
992 877 1507 950 Romanorum
1548 871 1967 975 Imperator
2013 902 2314 981 semper
2347 879 2761 981 Augustus,

572 1008 663 1059 ac
689 982 1097 1088 Hungarie‚
1153 977 1535 1075 Bobemie,
1590 982 1976 1077 Dalmatie,
2028 984 2333 1060 Croatie
2372 1002 2516 1061 etc.
2563 983 2767 1078 Rex,'

568 1086 908 1176 fidelibus
954 1087 1245 1166 Nostris
1284 1085 1628 1189 Capitulo
1682 1088 1994 1163 ecclesie
2048 1087 2143 1162 de
2202 1091 2526 1196 Posega‚
2579 1091 2763 1168 salu·

569 1208 727 1273 tem
767 1213 846 1272 et
882 1197 1216 1299 gratiam.
1313 1194 1606 1270 Dicitur
1657 1193 1892 1271 Nobis
1933 1196 2014 1269 in
2056 1198 2394 1300 personis
2449 1196 2765 1294 Ladislai

570 1328 660 1378 ac
727 1301 1011 1400 Thom‘e
1067 1317 1140 1377 et
1195 1300 1514 1400 Farkasy
1563 1298 1885 1376 filiorum
1943 1299 2207 1377 Jacobi
2263 1302 2381 1402 de·
2428 1303 2769 1382 Orbowa

568 1405 972 1500 Quomodo
990 1406 1282 1483 Nobilis
1328 1406 1906 1486 dominaVrsula
1948 1409 2207 1484 relicta
2245 1409 2563 1487 condam
2579 1410 2767 1497 'Pbo-

438 1562 450 1574 ·
570 1541 694 1593 me
738 1516 831 1591 de
892 1513 1424 1609 Zerwich,ac
1482 1512 1835 1589 Nicolaus
1895 1513 2084 1591 filius
2145 1515 2522 1609 eiusdem,
2576 1515 2763 1593 Sab-

569 1620 751 1700 bato
785 1623 1136 1727 prosimo
1181 1627 1350 1724 post
1385 1619 1659 1696 festum
1702 1618 1901 1710 beati
1933 1620 2197 1696 Jacobi
2238 1625 2555 1725 apostoli
2598 1621 2766 1728 pm-

473 1809 484 1828 *
570 1731 770 1830 xime
824 1728 1272 1834 preteritum
1305 1752 1645 1831 magnam
1679 1728 2167 1828 quantitatem
2207 1749 2544 1830 segetum
2575 1732 2765 1833 ipso-

569 1864 743 1915 rum
805 1836 979 1940 igne
1047 1835 1551 1923 concremari,
1638 1859 1966 1918 aecum
2033 1860 2296 1911 eorum
2363 1836 2764 1940 pecoribus

573 1941 1003 2021 conculcari
1027 1940 1375 2032 fecissent
1418 1943 1497 2015 in
1542 1941 1737 2043 ipsis,
1777 1941 2227 2044 exponendo
2265 1941 2492 2041 ydem
2522 1942 2763 2017 domi·

571 2076 672 2125 na
710 2066 824 2126 *et
891 2047 1282 2144 Nicolaus,
1380 2049 1777 2151 plusquam
1850 2065 2147 2136 centum
2212 2043 2539 2128 florenos
2603 2047 2763 2124 auri

576 2152 897 2262 dampna
935 2154 1388 2247 intulissent,
1442 2171 1784 2258 preterea
1833 2152 2103 2255 prefati
2142 2154 2446 2234 domina
2496 2181 2586 2231 ac
2622 2157 2766 2231 Ni·-

575 2260 831 2339 colaus
879 2260 1143 2362 diebus
1196 2262 1495 2352 nouiter
1543 2261 1914 2440 preter‘pis
1972 2261 2206 2344 missis
2261 2279 2339 2337 et
2390 2262 2765 2337 destinatis
2824 2281 2831 2284 ·

575 2367 1000 2472 Teaerdys,
1047 2366 1313 2470 Mylis‚
1365 2365 1746 2458 Martino,'
1846 2364 2060 2461 aulo,
2114 2366 2589 2471 Dobr'oway,
2635 2366 2763 2442 Mi·

575 2475 874 2579 lyway‚
934 2474 1359 2571 W'okotha,
1438 2492 1513 2550 et
1572 2471 1937 2561 Ladislao*
1978 2472 2511 2577 Jobagionibus
2559 2477 2771 2580 ipso-¹

575 2609 749 2658 rum
785 2584 864 2657 in
909 2581 1107 2657 dicta
1152 2580 1500 2665 Zerwich
1549 2580 2220 2675 commorantibus,
2272 2582 2611 2659 manibus
2641 2611 2764 2657 ar-

577 2690 790 2764 matis
830 2713 915 2765 ac
950 2688 1413 2795 potentiariis
1429 2685 1522 2781 ad
1560 2686 1832 2762 dictam
1850 2685 2387 2792 possessionem
2410 2688 2762 2781 Orbowa,

577 2793 916 2899 ipsorum
969 2794 1559 2898 exponentium,
1620 2794 1754 2892 qui
1808 2794 2180 2897 prefatum
2245 2794 2763 2887 Ladislaumin

576 2900 768 2978 facie
818 2901 1152 2975 eiusdem
1187 2902 1669 3004 possessionis
1708 2901 1884 2976 diris
1944 2899 2344 2977 verberum
2390 2919 2469 2977 et
2501 2902 2764 2979 vulne·-

577 3034 749 3085 rum
787 3005 1023 3111 plagis
1076 3008 1530 3096 affecissent,
1586 3007 2028 3082 semiuiuum
2068 3009 2580 3110 relinquentes
2618 3032 2763 3111 po·-

579 3114 811 3192 tentia
864 3112 1235 3190 mediante
1277 3115 1356 3189 in
1399 3116 1736 3217 ipsorum
1776 3115 2317 3214 ‘exponentium
2361 3113 2765 3220 preiudici-

580 3225 711 3298 um
751 3245 837 3296 ae
884 3220 1290 3324 dampnum
1340 3220 1555 3296 valde
1607 3217 1973 3320 magnum.
2047 3218 2298 3324 Super
2341 3248 2496 3324 quo
2540 3220 2766 3297 fideli-

581 3328 718 3406 tati
772 3346 1015 3404 vestre
1071 3326 1379 3403 flrmiter
1435 3323 1925 3431 precipiendo
1962 3328 2456 3423 mandamus,
2512 3344 2766 3431 quate.-

580 3460 723 3511 nus
775 3454 1103 3513 vestrum
1145 3436 1448 3511 mittatis
1502 3432 1882 3511 hominem
1935 3461 2079 3537 pro
2131 3436 2558 3512 testimonio
2602 3432 2765 3509 fide-

582 3539 938 3646 dignum‚
1012 3567 1166 3632 quo
1207 3556 1564 3644 presente
1636 3540 2074 3618 Dominicus
2135 3540 2232 3617 de
2291 3539 2766 3645 Kapolycha,

583 3649 707 3724 vel
763 3644 1205 3725 Benedictus
1260 3645 1448 3721 filius
1514 3642 1905 3749 Andreae,
1960 3662 2084 3735 aut
2139 3650 2402 3725 Petrus
2444 3648 2539 3724 de
2585 3648 2764 3722 Pre-

583 3752 895 3857 disyncb
919 3809 943 3850 ,
994 3755 1110 3830 sin
1168 3751 1590 3857 Stephanus
1618 3802 1625 3809 ·
1650 3751 1839 3855 filius
1886 3753 2255 3830 Horuatin
2314 3754 2408 3831 de
2461 3752 2764 3842 eadem,

587 3858 1201 3963 alysabsentibus
1253 3860 1479 3936 homo
1531 3877 1784 3935 noster
1833 3858 1929 3934 ab
1968 3861 2313 3938 omnibus
2355 3861 2631 3963 quibus
2662 3862 2765 3935 in-

586 3968 871 4047 cumbit
929 3993 1209 4043 meram
1272 3966 1366 4043 de
1423 3966 1799 4071 premissis
1855 3970 2284 4071 experiatur
2342 3970 2765 4061 veritatem,

585 4099 816 4178 quam
860 4073 1160 4151 tandem
1227 4074 1444 4150 nobis
1501 4072 1819 4150 fideliter
1870 4073 2288 4155 rescribatis
2311 4132 2334 4172 ,
2385 4092 2766 4179 presentes

585 4199 839 4263 autem
885 4177 1311 4261 absentibus
1361 4179 1637 4288 sigillis
1682 4174 1952 4262 nosti-is
1997 4178 2262 4295 sigillo
2312 4180 2547 4264 fidelis
2605 4183 2764 4261 No-
