2926 4849
2113 505 2265 586 625

176 742 398 794 caussa
437 713 859 805 mercandi,
912 714 1038 792 ille
1073 712 1343 801 habeat
1381 715 1706 819 plenam,
1763 712 2225 825 liberamque
2264 719 2373 794 fa·

176 821 543 900 cultatem
592 822 1008 912 mercandi,
1061 822 1480 915 vendendi,
1530 843 1614 904 et
1672 826 1967 904 emendi
2025 830 2120 902 ab
2169 827 2376 902 omni

176 930 505 1024 Tribuni,
545 950 617 1005 et
651 921 941 1009 Telo‘uii
987 927 1312 1006 forensis
1348 930 1913 1035 impediment0‚
1954 935 2129 1012 item
2172 960 2381 1037 prae·
2466 956 2473 962 ·
2518 925 2521 928 i

174 1036 454 1112 dictam
499 1057 828 1114 nostram
895 1036 1290 1113 Civitatem
1358 1037 1669 1115 Szenicz
1713 1043 1787 1115 in
1836 1043 1985 1116 suis
2028 1041 2381 1121 omnibus

177 1163 262 1220 et
311 1146 614 1245 singulis
659 1144 908 1231 metis,
966 1159 1042 1219 et
1098 1147 1447 1244 greniciis
1499 1172 1949 1223 conservare
1995 1147 2386 1236 volumus,

181 1270 265 1326 et
299 1251 812 1354 praesentibus
843 1276 1407 1336 conservamus,
1467 1253 1743 1355 quibus
1778 1254 1873 1328 ab
1914 1255 2224 1356 antiquo
2264 1257 2304 1326 J
2315 1282 2386 1326 u·

181 1385 325 1449 τε,
383 1377 460 1435 et
513 1356 1074 1434 Consvetndine
1133 1375 1287 1449 est,
1347 1358 1462 1436 vel
1524 1357 1664 1434 suit
1723 1371 1968 1455 tenta,
2023 1379 2150 1435 aut
2188 1387 2389 1463 quo·

178 1463 600 1541 modolibet
637 1473 1078 1540 conservata
1138 1468 1408 1559 etiam,
1482 1483 1565 1541 ut
1621 1493 1699 1540 se
1766 1467 1996 1544 iidem
2050 1470 2396 1558 Incolae,

175 1598 313 1648 neu
375 1573 723 1674 Hospites
779 1598 1000 1674 saepe
1064 1570 1308 1648 dictae
1375 1591 1673 1649 nostrae.
1722 1574 2046 1648 Civitatis
2089 1576 2403 1650 Szenicz

176 1681 584 1757 meliorare
621 1679 950 1766 valeant,
1005 1679 1183 1782 ipsis
1224 1680 1523 1774 damus,
1580 1699 1658 1755 et
1707 1679 2132 1780 specialiter
2186 1685 2399 1756 metis

179 1812 450 1861 eorum
507 1784 972 1888 adjungimus
1015 1785 1147 1860 hos
1190 1804 1338 1861 tres
1371 1787 1692 1886 Campos
1739 1788 2138 1870 Hloczkau,
2188 1791 2406 1865 VVre-

178 1919 522 1987 czenau,
593 1909 669 1969 et
725 1892 1174 1987 helinium,
1266 1893 1367 1967 ita
1426 1896 1829 1996 vulgariter
1889 1912 2401 1993 nuncupatos,

181 2026 383 2101 quos
447 2026 701 2092 arare,
759 2021 838 2074 et
893 2002 1149 2075 colere
1202 2018 1553 2102 possunt,
1614 2019 1690 2075 et
1744 2000 2039 2095 valent,
2096 2027 2182 2079 ac
2228 2021 2402 2081 cu'm
2515 2001 2521 2008 ⁰

178 2107 613 2197 Consensu,
691 2106 1062 2186 Consilio.
1137 2124 1216 2181 et
1273 2133 1566 2182 assensu
1622 2109 2201 2188 Communitatis
2276 2135 2404 2183 no-

177 2231 382 2290 strae
443 2214 781 2290 Civitatis
836 2212 1146 2288 Szenicz
1223 2213 1655 2315 praedictae
1712 2217 1788 2287 in
1849 2240 2020 2289 usus
2064 2216 2404 2317 ipsorum

178 2328 652 2396 convertere.
687 2324 772 2394 In
807 2346 1133 2419 quorum
1179 2323 1753 2423 praemissorum
1792 2324 2129 2395 omnium
2166 2322 2403 2399 robur

177 2427 512 2515 firmine»,
603 2446 681 2504 et
741 2426 1189 2504 evidentiam
1254 2428 1615 2531 maiorem
1669 2426 2008 2528 Sigillum
2072 2450 2403 2509 nostrum

177 2536 705 2642 praesentibus
759 2534 1227 2610 decrevimus
1290 2536 1898 2640 appendendum.
1999 2537 2269 2613 Datum
2327 2541 2402 2611 iu

179 2642 479 2743 Lyblau
520 2642 850 2717 Sabbato
891 2643 1200 2717 in‘festo
1246 2639 1327 2716 S.
1379 2642 1734 2716 ,Iohannis
1791 2643 2159 2745 Baptistae
2195 2646 2397 2720 Natio

153 2752 431 2825 -vitatis
473 2749 698 2825 Anno
732 2754 1021 2823 Incarn.
1067 2751 1372 2823 Domini
1418 2750 1966 2826 MCCCXCVI.
2063 2753 2220 2826 Nos
2274 2755 2398 2853 igi-

180 2874 316 2933 tur
358 2856 825 2945 humillimis,
887 2875 958 2930 et
1021 2856 1306 2930 devotis
1373 2883 1538 2955 sup}
1573 2856 2039 2931 licationibns
2089 2878 2395 2934 annota-

179 2982 438 3039 torum
482 2962 788 3037 Joannis
825 2960 1152 3051 Judicis,
1210 2980 1282 3035 et
1319 2962 1555 3035 Marci
1593 2964 1835 3035 Jurati
1868 2962 2064 3037 Civis
2098 2990 2229 3065 per
2267 2992 2394 3044 eos

177 3071 556 3174 Majestati
602 3089 940 3160 nostrae,
997 3072 1186 3162 suis,
1245 3086 1319 3143 ct
1371 3069 1728 3161 aliorum,
1788 3095 2110 3167 quorum
2169 3098 2389 3173 supra

139 3179 617 3261 ,nominibus
664 3195 1061 3281 propterea
1111 3178 1477 3278 porrectis
1513 3174 1923 3276 Imperiali,
1979 3192 2205 3275 atque
2244 3180 2388 3252 Re-

175 3286 329 3388 gali
389 3281 847 3389 Benignitate
908 3284 1272 3361 exauditis
1353 3285 1757 3359 clementer
1847 3298 1923 3353 et
2009 3285 2385 3375 admissis,

176 3409 593 3498 praetactas
645 3392 959 3466 Litteras
1005 3392 1334 3467 annotati
1367 3389 1687 3465 condam
1738 3377 2383 3493 Stiborii=Vajvo-·

172 3500 321 3575 dae
365 3527 515 3576 non
563 3498 897 3589 abrasas,
953 3499 1625 3590 non-cancellatas,
1684 3497 1931 3572 necin
1980 3496 2226 3597 aliqua
2264 3499 2378 3576 sui
2500 3508 2507 3529 ¹

171 3626 390 3712 parte
443 3607 767 3695 vitiatas,
827 3606 981 3681 imo
1040 3629 1333 3696 merae,
1389 3623 1463 3679 et
1526 3605 1864 3679 sincerae
1905 3605 2226 3681 veritatis
2264 3607 2376 3682 in-‚

173 3715 517 3817 tegritate
555 3712 1130 3814 praepollentes,
1176 3710 1838 3814 praesentibusque
1875 3708 1967 3783 de
2007 3711 2238 3787 verbo
2276 3713 2372 3790 ad

175 3822 490 3897 verbum
556 3826 904 3909 insertaS‚
964 3820 1207 3922 quoad
1244 3845 1500 3894 omnes
1554 3844 1806 3893 earum
1863 3819 2369 3925 Contine-nutias

177 3929 598 4021 Clausulas,
674 3945 749 4002 et
805 3926 1159 4000 articulos
1228 3943 1737 4026 acceptarum,
1827 3922 2363 4025 adprobamus,

178 4053 260 4111 et
294 4034 773 4119 ratificamus,
833 4058 1103 4135 easque
1161 4030 1632 4104 nihilominus
1684 4032 2014 4123 attentis,
2072 4050 2144 4106 et
2183 4058 2363 4121 cou-¹

178 4143 515 4221 sideratis
551 4140 1061 4215 Fidelitatibus
1086 4191 1110 4225 ,
1168 4155 1243 4214 et
1290 4163 1430 4242 per
1465 4134 1762 4211 eosdem
1802 4136 2061 4232 Cives,
2118 4159 2192 4214 et
2235 4166 2364 4243 po.

183 4250 403 4355 pulos
442 4247 586 4353 jam
627 4248 978 4354 praetacti
1000 4245 1281 4350 Oppidi
1312 4245 1541 4355 nostri
1576 4241 1927 4321 Szenicze
1965 4245 2177 4322 nobis
2197 4274 2371 4326 con·

289 4356 508 4433 Tom.
567 4356 662 4431 X.
723 4355 886 4430 Vol.
943 4354 1098 4428 Vn.
1892 4354 1996 4426 40
