2926 4849
2107 461 2255 533 ⁶23

173 671 271 748 sis
306 666 717 759 confectas,
772 681 853 743 et
877 665 1259 756 ,emanatas
1309 670 1593 762 tenoris,
1622 667 2121 775 infrascripti:
2177 665 2366 774 Sup-

168 774 530 883 plicantes
563 774 896 867 annotati
925 773 1252 850 Joannes
1284 774 1331 846 J
1335 770 1559 869 uidex,
1616 792 1691 850 et
1726 777 2026 854 Marcus
2062 777 2367 853 Juratus

169 885 390 958 Cives
422 898 683 957 nostro
729 879 1102 972 culmini,
1156 879 1730 984 humili-prece,
1787 900 1865 958 et
1919 881 2231 975 devota,
2283 895 2371 959 ut

167 983 472 1066 easdem
517 986 840 1063 Litteras
886 984 1573 1063 annotati-condam
1625 985 1940 1065 Stiborii
1985 986 2369 1093 Vajvodae

152 1114 418 1187 'ratas;
456 1112 743 1197 gratas,
798 1112 877 1171 et
933 1111 1272 1197 acceptas
1325 1090 1717 1189 habendo,
1774 1097 2169 1201 utriusque
2212 1097 2375 1171 Lit-·
2490 1162 2497 1167 .

164 1204 350 1280 teris
385 1197 958 1306 priuilegiahhus
997 1199 1136 1275 sub
1165 1198 1533 1276 moderno
1568 1198 1831 1303 majori
1861 1220 2123 1279 nostro
2160 1224 2368 1278 novo

166 1307 506 1413 dupplici
582 1304 1014 1388 authentico
1083 1306 1348 1411 sigillo
1428 1306 1853 1383 emanandis
1914 1310 2370 1385 verbotenus

161 1418 397 1493 inseri
424 1415 854 1507 facientes,
908 1441 1054 1518 pro
1110 1412 1461 1519 predictis
1515 1414 1824 1506 Iudice,
1881 1432 1957 1492 et
1996 1414 2411 1509 ·Civibus,·

160 1522 473 1629 populis
500 1577 522 1611 ,
579 1519 1036 1624 hospitibus,
1092 1545 1179 1596 ae
1217 1547 1497 1596 eorum
1523 1521 1844 1626 posteris
1878 1520 2366 1615 confirmare,

163 1657 264 1712 ac,
295 1625 710 1734 praemissis
755 1626 1406 1730 Limitat-iouibus,
1455 1629 1820 1704 Censuum
1865 1626 2370 1704 Libertatibus

89 1813 104 1852 x
166 1730 512 1841 quoque,
554 1736 1115 1838 praerogatiuis‚
1169 1762 1258 1811 ac
1299 1734 1924 1832 Concessionibus
1953 1753 2370 1841 praenota-

162 1848 307 1938 tis,
362 1841 514 1916 aliis
567 1843 787 1917 etiam
825 1840 1186 1917 omnihus
1211 1898 1232 1934 ,
1289 1859 1362 1916 et
1403 1843 1707 1946 singulis
1742 1867 2082 1947 supernus
2120 1843 2196 1915 in
2243 1860 2373 1918 te·-

162 1974 360 2027 nore
400 1951 961 2052 praemissarum
1007 1948 1699 2053 Literarum-ipsius
1754 1949 2070 2026 condam
2115 1945 2373 2026 Stiboa

162 2060 264 2134 rii
309 2053 695 2157 Vajvodae
728 2054 1156 2154 contentiS,
1192 2075 1269 2132 et
1311 2055 1784 2160 specificans,
1841 2075 2181 2134 nostrum
2223 2056 2371 2133 be-

163 2161 523 2241 nevolum
567 2163 902 2261 Regium
966 2165 1465 2254 consensum,
1520 2168 1819 2266 pariter
1866 2178 1942 2237 et
1993 2187 2371 2238 assensum

163 2268 541 2376 praebere
601 2263 1140 2371 dignaremur.'
1199 2269 1539 2357 Quarum
1593 2271 1900 2370 quidem
1952 2271 2381 2347 Literarum'

163 2396 393 2455 tenor
437 2376 597 2452 talis
641 2393 789 2477 est:
863 2374 1019 2452 Nos
1056 2372 1428 2452 Stiborius
1458 2374 1563 2450 *de
1598 2377 1976 2456 Stibor‘icz
2032 2373 2372 2482 Vajvoda

161 2484 766 2586 Transylvanus,
823 2499 901 2559 et
950 2486 1210 2560 Comes
1272 2485 1537 2559 Posou.
1599 2484 2088 2588 significamus
2139 2510 2385 2590 prae-·

161 2592 554 2684 sentibus3
631 2588 900 2691 quibus
976 2588 1279 2694 expedit
1343 2593 1740 2667 universis:
1814 2590 2222 2683 Quomodo
2275 2590 2383 2667 ad'

160 2715 498 2774 nostram
551 2704 1054 2799 pervenerunt
1095 2698 1587 2801 praesentiam
1640 2699 1960 2777 Thomas
1999 2718 2177 2776 tunc
2233 2700 2407 2774 Ju-'

163 2806 321 2881 dex
354 2809 426 2880 in
474 2806 787 2880 Civitate
829 2808 1093 2879 nostra
1121 2802 1431 2880 Szenicz
1459 2859 1487 2895 ,
1544 2823 1622 2881 et
1664 2800 2028 2882 Martinus
2074 2806 2370 2882 Βουλο-

158 2910 356 2988 vich·
394 2911 668 3014 Consul
701 2911 809 2994 ‚de
847 2909 1108 2986 eadem
1133 2954 1164 3001 ‚—
1213 2911 1428 2985 nobis
1483 2911 1856 2987 humiliter
1896 2913 2369 3015 suplicanteS,

160 3019 378 3123 quod
437 3030 734 3121 pactum
795 3042 942 3123 pro
992 3015 1287 3090 annuali
1343 3015 1640 3111 debito,
1717 3043 1849 3093 seu
1899 3020 2144 3098 Censu
2194 3043 2369 3096 cum

156 3129 342 3231 ipsis
388 3126 818 3203 faceremus.
920 3119 1041 3199 Ad
1077 3148 1400 3226 quorum
1454 3149 1718 3229 preces
1773 3124 2107 3200 inclinati
2137 3140 2373 3200 matu-

157 3261 252 3329 ra
305 3231 888 3324 deliberatione,
943 3256 1276 3333 sanoque
1344 3231 1669 3307 Consilio
1719 3231 2206 3338 praehabitis»,
2266 3247 2367 3306 ta·

157 3338 321 3415 lem
374 3341 548 3443 ipsis
603 3339 873 3412 Incolis
932 3338 1352 3441 praedictae
1426 3357 1719 3413 nostrae
1754 3432 1761 3439 ⁶
1796 3339 2127 3415 Civitatis
2181 3336 2365 3413 feci·

159 3472 370 3537 mus,
416 3465 492 3522 et
529 3443 837 3520 facimus
870 3444 1377 3547 praesentibus
1418 3447 1725 3544 gratiam
1758 3445 2374 3547 singularem‚‘ut

159 3552 464 3629 Incolae
489 3607 512 3645 ‚
588 3565 661 3624 et
722 3551 1070 3652 Hospites
1125 3554 1499 3640 universi,
1570 3553 1997 3657 praedictae
2064 3565 2373 3632 nostrae

164 3659 507 3734 Civitatis
551 3656 859 3733 Szenicz
897 3682 1039 3758 pro
1077 3658 1371 3745 annuali
1409 3657 1653 3734 Censu
1678 3714 1701 3754 ‚
1754 3677 1827 3735 et
1874 3656 2129 3736 debito
2166 3662 2374 3733 annis

169 3765 485 3867 siugulis
528 3782 896 3869 perpetuo
932 3764 1262 3840 affuturis
1298 3765 1515 3849 dare,
1570 3764 1972 3843 et-solvere
2010 3765 2231 3841 nobis
2273 3781 2378 3840 te·

170 3890 451 3947 nentur
514 3889 886 3948 trecentos
929 3870 1115 3945 finos
1174 3874 1381 3959 auri,
1438 3897 1612 3948 cum
1675 3881 1803 3949 30.
1854 3870 2059 3963 finis,
2112 3890 2376 3975 utpote

174 4005 408 4071 auro,
463 3979 583 4055 vel
628 3980 703 4053 in
750 3978 889 4053 alia
929 3994 1228 4051 moneta
1270 3981 1686 4074 communi,
1741 3995 1818 4056 et
1849 3997 2202 4055 consveta
2234 3978 2370 4052 ibi·

178 4082 355 4160 dem
390 4087 470 4161 in
514 4084 867 4162 Districtu
902 4099 1191 4162 tantum
1232 4109 1382 4186 pro
1414 4085 1759 4186 quolibet
1804 4110 2036 4166 aureo
2061 4109 2368 4183 compu-

185 4209 374 4285 tem,
430 4210 684 4298 prout·
708 4218 988 4285 aureus
1022 4217 1099 4268 se
1153 4190 1489 4270 extendit
1541 4190 1839 4283 florem,
1899 4214 2123 4296 quam
2155 4193 2367 4271 Sum·
