<?xml version="1.0" encoding="UTF-8"?>
<!DOCTYPE html PUBLIC "-//W3C//DTD XHTML 1.0 Transitional//EN"
    "http://www.w3.org/TR/xhtml1/DTD/xhtml1-transitional.dtd">
<html xmlns="http://www.w3.org/1999/xhtml" xml:lang="en" lang="en">
 <head>
  <title>
</title>
<meta http-equiv="Content-Type" content="text/html;charset=utf-8" />
  <meta name='ocr-system' content='tesseract 3.04.00' />
  <meta name='ocr-capabilities' content='ocr_page ocr_carea ocr_par ocr_line ocrx_word'/>
</head>
<body>
  <div class='ocr_page' id='page_1' title='image "./codexdiplomatic00fejgoog_0567.png"; bbox 0 0 2926 4849; ppageno 0'>
   <div class='ocr_carea' id='block_1_1' title="bbox 2012 421 2209 539">
    <p class='ocr_par' dir='ltr' id='par_1_1' title="bbox 2012 421 2209 539">
     <span class='ocr_line' id='line_1_1' title="bbox 2012 421 2209 539; baseline -0.02 0"><span class='ocrx_word' id='word_1_1' title='bbox 2012 421 2021 428; x_wconf 60' lang='grc'><em>’</em></span> <span class='ocrx_word' id='word_1_2' title='bbox 2056 465 2209 539; x_wconf 76' lang='lat' dir='ltr'><strong>ssa</strong></span> 
     </span>
    </p>
   </div>
   <div class='ocr_carea' id='block_1_2' title="bbox 140 660 2333 1631">
    <p class='ocr_par' dir='ltr' id='par_1_2' title="bbox 140 660 2333 1631">
     <span class='ocr_line' id='line_1_2' title="bbox 140 660 2321 777; baseline 0.004 -34"><span class='ocrx_word' id='word_1_3' title='bbox 140 680 337 743; x_wconf 66' lang='lat' dir='ltr'><strong>‘stros</strong></span> <span class='ocrx_word' id='word_1_4' title='bbox 379 665 684 764; x_wconf 82' lang='lat' dir='ltr'><strong>nuncios</strong></span> <span class='ocrx_word' id='word_1_5' title='bbox 724 683 801 745; x_wconf 87' lang='lat' dir='ltr'><strong>et</strong></span> <span class='ocrx_word' id='word_1_6' title='bbox 839 667 1266 773; x_wconf 72' lang='lat' dir='ltr'><strong>specialiter</strong></span> <span class='ocrx_word' id='word_1_7' title='bbox 1311 692 1452 771; x_wconf 87' lang='lat' dir='ltr'><strong>per</strong></span> <span class='ocrx_word' id='word_1_8' title='bbox 1493 660 1916 747; x_wconf 86' lang='lat' dir='ltr'><strong>Reuerend.</strong></span> <span class='ocrx_word' id='word_1_9' title='bbox 1971 676 2049 750; x_wconf 91' lang='lat' dir='ltr'><strong>in</strong></span> <span class='ocrx_word' id='word_1_10' title='bbox 2086 672 2321 777; x_wconf 63' lang='lat' dir='ltr'><strong>Chri·</strong></span> 
     </span>
     <span class='ocr_line' id='line_1_3' title="bbox 158 774 2312 879; baseline 0.004 -30"><span class='ocrx_word' id='word_1_11' title='bbox 158 792 261 879; x_wconf 72' lang='lat' dir='ltr'><strong>sto</strong></span> <span class='ocrx_word' id='word_1_12' title='bbox 298 774 622 870; x_wconf 87' lang='lat' dir='ltr'><strong>Patrem,</strong></span> <span class='ocrx_word' id='word_1_13' title='bbox 678 777 1080 852; x_wconf 83' lang='lat' dir='ltr'><strong>Dominum</strong></span> <span class='ocrx_word' id='word_1_14' title='bbox 1136 777 1640 873; x_wconf 75' lang='lat' dir='ltr'><strong>Clementem,</strong></span> <span class='ocrx_word' id='word_1_15' title='bbox 1690 779 2198 867; x_wconf 84' lang='lat' dir='ltr'><strong>Jauriensem.</strong></span> <span class='ocrx_word' id='word_1_16' title='bbox 2234 800 2312 858; x_wconf 85' lang='lat' dir='ltr'><strong>et</strong></span> 
     </span>
     <span class='ocr_line' id='line_1_4' title="bbox 163 878 2323 992; baseline 0.004 -36"><span class='ocrx_word' id='word_1_17' title='bbox 163 878 621 983; x_wconf 83' lang='lat' dir='ltr'><strong>Magnificum</strong></span> <span class='ocrx_word' id='word_1_18' title='bbox 654 882 1131 961; x_wconf 85' lang='lat' dir='ltr'><strong>Laurentium</strong></span> <span class='ocrx_word' id='word_1_19' title='bbox 1178 882 1277 959; x_wconf 88' lang='lat' dir='ltr'><strong>de</strong></span> <span class='ocrx_word' id='word_1_20' title='bbox 1318 881 1844 979; x_wconf 75' lang='lat' dir='ltr'><strong>Hedrecbwar‚</strong></span> <span class='ocrx_word' id='word_1_21' title='bbox 1886 887 2323 992; x_wconf 71' lang='lat' dir='ltr'><strong>Magistrum</strong></span> 
     </span>
     <span class='ocr_line' id='line_1_5' title="bbox 162 989 2322 1099; baseline 0.005 -39"><span class='ocrx_word' id='word_1_22' title='bbox 162 989 1041 1087; x_wconf 48' lang='lat' dir='ltr'><strong>Agazonummostmrum</strong></span> <span class='ocrx_word' id='word_1_23' title='bbox 1074 991 1433 1094; x_wconf 79' lang='lat' dir='ltr'><strong>regalium</strong></span> <span class='ocrx_word' id='word_1_24' title='bbox 1485 1010 1562 1067; x_wconf 87' lang='lat' dir='ltr'><strong>et</strong></span> <span class='ocrx_word' id='word_1_25' title='bbox 1628 993 2032 1098; x_wconf 78' lang='lat' dir='ltr'><strong>praecipue</strong></span> <span class='ocrx_word' id='word_1_26' title='bbox 2088 1017 2322 1099; x_wconf 72' lang='lat' dir='ltr'><strong>super</strong></span> 
     </span>
     <span class='ocr_line' id='line_1_6' title="bbox 163 1092 2322 1204; baseline 0.005 -37"><span class='ocrx_word' id='word_1_27' title='bbox 163 1092 569 1189; x_wconf 75' lang='lat' dir='ltr'><strong>sedecimi8‚</strong></span> <span class='ocrx_word' id='word_1_28' title='bbox 624 1123 755 1174; x_wconf 90' lang='lat' dir='ltr'><strong>seu</strong></span> <span class='ocrx_word' id='word_1_29' title='bbox 804 1100 1145 1183; x_wconf 80' lang='lat' dir='ltr'><strong>vicesima</strong></span> <span class='ocrx_word' id='word_1_30' title='bbox 1190 1116 1394 1202; x_wconf 88' lang='lat' dir='ltr'><strong>parte</strong></span> <span class='ocrx_word' id='word_1_31' title='bbox 1432 1095 1890 1174; x_wconf 88' lang='lat' dir='ltr'><strong>decimarum</strong></span> <span class='ocrx_word' id='word_1_32' title='bbox 1921 1126 2145 1204; x_wconf 84' lang='lat' dir='ltr'><strong>super</strong></span> <span class='ocrx_word' id='word_1_33' title='bbox 2178 1103 2322 1177; x_wconf 89' lang='lat' dir='ltr'><strong>cle-</strong></span> 
     </span>
     <span class='ocr_line' id='line_1_7' title="bbox 164 1201 2328 1312; baseline 0.007 -39"><span class='ocrx_word' id='word_1_34' title='bbox 164 1228 316 1274; x_wconf 88' lang='lat' dir='ltr'><strong>rum</strong></span> <span class='ocrx_word' id='word_1_35' title='bbox 361 1208 570 1305; x_wconf 83' lang='lat' dir='ltr'><strong>regni</strong></span> <span class='ocrx_word' id='word_1_36' title='bbox 604 1208 834 1282; x_wconf 77' lang='lat' dir='ltr'><strong>nostri</strong></span> <span class='ocrx_word' id='word_1_37' title='bbox 864 1201 1288 1308; x_wconf 81' lang='lat' dir='ltr'><strong>&#39;Hungariae</strong></span> <span class='ocrx_word' id='word_1_38' title='bbox 1316 1262 1339 1299; x_wconf 92' lang='lat'><strong>,</strong></span> <span class='ocrx_word' id='word_1_39' title='bbox 1374 1232 1461 1280; x_wconf 83' lang='lat' dir='ltr'><strong>ac</strong></span> <span class='ocrx_word' id='word_1_40' title='bbox 1498 1230 1721 1310; x_wconf 83' lang='lat' dir='ltr'><strong>super</strong></span> <span class='ocrx_word' id='word_1_41' title='bbox 1751 1207 2328 1312; x_wconf 63' lang='lat' dir='ltr'><strong>quinquagesimi!</strong></span> 
     </span>
     <span class='ocr_line' id='line_1_8' title="bbox 170 1305 2328 1416; baseline 0.005 -35"><span class='ocrx_word' id='word_1_42' title='bbox 170 1305 494 1388; x_wconf 76' lang='lat' dir='ltr'><strong>videlicet</strong></span> <span class='ocrx_word' id='word_1_43' title='bbox 527 1311 621 1385; x_wconf 89' lang='lat' dir='ltr'><strong>de</strong></span> <span class='ocrx_word' id='word_1_44' title='bbox 663 1313 1197 1416; x_wconf 82' lang='lat' dir='ltr'><strong>quinquaginta</strong></span> <span class='ocrx_word' id='word_1_45' title='bbox 1234 1315 1553 1388; x_wconf 88' lang='lat' dir='ltr'><strong>denariis</strong></span> <span class='ocrx_word' id='word_1_46' title='bbox 1577 1338 1829 1406; x_wconf 75' lang='lat' dir='ltr'><strong>vnum,</strong></span> <span class='ocrx_word' id='word_1_47' title='bbox 1861 1332 1938 1392; x_wconf 87' lang='lat' dir='ltr'><strong>et</strong></span> <span class='ocrx_word' id='word_1_48' title='bbox 1974 1315 2071 1391; x_wconf 91' lang='lat' dir='ltr'><strong>de</strong></span> <span class='ocrx_word' id='word_1_49' title='bbox 2114 1316 2328 1414; x_wconf 87' lang='lat' dir='ltr'><strong>quin·</strong></span> 
     </span>
     <span class='ocr_line' id='line_1_9' title="bbox 152 1417 2328 1517; baseline 0.003 -28"><span class='ocrx_word' id='word_1_50' title='bbox 152 1419 507 1517; x_wconf 58' lang='lat' dir='ltr'><strong>‚quaginta</strong></span> <span class='ocrx_word' id='word_1_51' title='bbox 545 1417 850 1496; x_wconf 86' lang='lat' dir='ltr'><strong>florenis</strong></span> <span class='ocrx_word' id='word_1_52' title='bbox 888 1447 1113 1500; x_wconf 84' lang='lat' dir='ltr'><strong>vnum</strong></span> <span class='ocrx_word' id='word_1_53' title='bbox 1148 1440 1224 1496; x_wconf 90' lang='lat' dir='ltr'><strong>et</strong></span> <span class='ocrx_word' id='word_1_54' title='bbox 1253 1420 1348 1494; x_wconf 88' lang='lat' dir='ltr'><strong>de</strong></span> <span class='ocrx_word' id='word_1_55' title='bbox 1387 1435 1690 1495; x_wconf 86' lang='lat' dir='ltr'><strong>centum</strong></span> <span class='ocrx_word' id='word_1_56' title='bbox 1741 1417 2037 1497; x_wconf 88' lang='lat' dir='ltr'><strong>florenis</strong></span> <span class='ocrx_word' id='word_1_57' title='bbox 2095 1420 2328 1512; x_wconf 82' lang='lat' dir='ltr'><strong>duos,</strong></span> 
     </span>
     <span class='ocr_line' id='line_1_10' title="bbox 150 1524 2333 1631; baseline 0.004 -36"><span class='ocrx_word' id='word_1_58' title='bbox 150 1536 234 1613; x_wconf 18' lang='lat' dir='ltr'><strong>‘et</strong></span> <span class='ocrx_word' id='word_1_59' title='bbox 271 1525 557 1600; x_wconf 83' lang='lat' dir='ltr'><strong>non&#39;de</strong></span> <span class='ocrx_word' id='word_1_60' title='bbox 591 1524 735 1599; x_wconf 88' lang='lat' dir='ltr'><strong>illis</strong></span> <span class='ocrx_word' id='word_1_61' title='bbox 774 1524 1228 1625; x_wconf 78' lang='lat' dir='ltr'><strong>secularibus</strong></span> <span class='ocrx_word' id='word_1_62' title='bbox 1265 1526 1631 1631; x_wconf 80' lang='lat' dir='ltr'><strong>personis,</strong></span> <span class='ocrx_word' id='word_1_63' title='bbox 1665 1550 1860 1626; x_wconf 88' lang='lat' dir='ltr'><strong>quae</strong></span> <span class='ocrx_word' id='word_1_64' title='bbox 1891 1526 2132 1603; x_wconf 87' lang='lat' dir='ltr'><strong>nullos</strong></span> <span class='ocrx_word' id='word_1_65' title='bbox 2163 1552 2333 1631; x_wconf 87' lang='lat' dir='ltr'><strong>pro-</strong></span> 
     </span>
    </p>
   </div>
   <div class='ocr_carea' id='block_1_3' title="bbox 167 1628 2553 1736">
    <p class='ocr_par' dir='ltr' id='par_1_3' title="bbox 167 1628 2553 1736">
     <span class='ocr_line' id='line_1_11' title="bbox 167 1628 2553 1736; baseline 0.005 -35"><span class='ocrx_word' id='word_1_66' title='bbox 167 1647 409 1710; x_wconf 89' lang='lat' dir='ltr'><strong>uentus</strong></span> <span class='ocrx_word' id='word_1_67' title='bbox 447 1630 816 1708; x_wconf 87' lang='lat' dir='ltr'><strong>haberent</strong></span> <span class='ocrx_word' id='word_1_68' title='bbox 838 1689 864 1724; x_wconf 92' lang='lat'><strong>,</strong></span> <span class='ocrx_word' id='word_1_69' title='bbox 920 1628 1435 1713; x_wconf 86' lang='lat' dir='ltr'><strong>huiuscemodi</strong></span> <span class='ocrx_word' id='word_1_70' title='bbox 1492 1629 1839 1709; x_wconf 85' lang='lat' dir='ltr'><strong>denarios</strong></span> <span class='ocrx_word' id='word_1_71' title='bbox 1897 1658 2037 1736; x_wconf 89' lang='lat' dir='ltr'><strong>per</strong></span> <span class='ocrx_word' id='word_1_72' title='bbox 2092 1650 2333 1709; x_wconf 87' lang='lat' dir='ltr'><strong>totum</strong></span> <span class='ocrx_word' id='word_1_73' title='bbox 2457 1725 2458 1730; x_wconf 6' lang='grc' dir='ltr'><strong>Ἰ</strong></span> <span class='ocrx_word' id='word_1_74' title='bbox 2497 1729 2502 1734; x_wconf 82' lang='lat'><strong><em>.</em></strong></span> <span class='ocrx_word' id='word_1_75' title='bbox 2543 1723 2553 1736; x_wconf 23' lang='grc' dir='ltr'><strong>ὁ</strong></span> 
     </span>
    </p>
   </div>
   <div class='ocr_carea' id='block_1_4' title="bbox 164 1738 2462 4307">
    <p class='ocr_par' dir='ltr' id='par_1_4' title="bbox 164 1738 2462 4307">
     <span class='ocr_line' id='line_1_12' title="bbox 166 1738 2338 1845; baseline 0.004 -35"><span class='ocrx_word' id='word_1_76' title='bbox 166 1761 455 1835; x_wconf 84' lang='lat' dir='ltr'><strong>regnum</strong></span> <span class='ocrx_word' id='word_1_77' title='bbox 498 1757 837 1815; x_wconf 88' lang='lat' dir='ltr'><strong>nostrum</strong></span> <span class='ocrx_word' id='word_1_78' title='bbox 871 1742 1291 1845; x_wconf 83' lang='lat' dir='ltr'><strong>Hungariae</strong></span> <span class='ocrx_word' id='word_1_79' title='bbox 1325 1751 1405 1816; x_wconf 87' lang='lat' dir='ltr'><strong>et</strong></span> <span class='ocrx_word' id='word_1_80' title='bbox 1443 1765 1669 1841; x_wconf 76' lang='lat' dir='ltr'><strong>regna</strong></span> <span class='ocrx_word' id='word_1_81' title='bbox 1699 1765 1788 1816; x_wconf 90' lang='lat' dir='ltr'><strong>ac</strong></span> <span class='ocrx_word' id='word_1_82' title='bbox 1821 1756 2053 1815; x_wconf 83' lang='lat' dir='ltr'><strong>terras</strong></span> <span class='ocrx_word' id='word_1_83' title='bbox 2087 1738 2338 1844; x_wconf 80' lang='lat' dir='ltr'><strong>eidem</strong></span> 
     </span>
     <span class='ocr_line' id='line_1_13' title="bbox 167 1842 2336 1940; baseline 0.002 -25"><span class='ocrx_word' id='word_1_84' title='bbox 167 1842 469 1924; x_wconf 82' lang='lat' dir='ltr'><strong>adnexas</strong></span> <span class='ocrx_word' id='word_1_85' title='bbox 520 1865 597 1925; x_wconf 90' lang='lat' dir='ltr'><strong>et</strong></span> <span class='ocrx_word' id='word_1_86' title='bbox 662 1872 1070 1940; x_wconf 82' lang='lat' dir='ltr'><strong>connexas,</strong></span> <span class='ocrx_word' id='word_1_87' title='bbox 1106 1937 1107 1940; x_wconf 8' lang='grc' dir='ltr'><strong>Ἴ</strong></span> <span class='ocrx_word' id='word_1_88' title='bbox 1140 1847 1511 1937; x_wconf 79' lang='lat' dir='ltr'><strong>dicandis,</strong></span> <span class='ocrx_word' id='word_1_89' title='bbox 1573 1844 1960 1923; x_wconf 80' lang='lat' dir='ltr'><strong>soluendis</strong></span> <span class='ocrx_word' id='word_1_90' title='bbox 2027 1863 2104 1922; x_wconf 91' lang='lat' dir='ltr'><strong>et</strong></span> <span class='ocrx_word' id='word_1_91' title='bbox 2168 1846 2336 1920; x_wconf 86' lang='lat' dir='ltr'><strong>exi-</strong></span> 
     </span>
     <span class='ocr_line' id='line_1_14' title="bbox 164 1947 2333 2058; baseline 0.003 -35"><span class='ocrx_word' id='word_1_92' title='bbox 164 1950 434 2049; x_wconf 81' lang='lat' dir='ltr'><strong>gendis,</strong></span> <span class='ocrx_word' id='word_1_93' title='bbox 501 1981 640 2058; x_wconf 88' lang='lat' dir='ltr'><strong>pro</strong></span> <span class='ocrx_word' id='word_1_94' title='bbox 683 1954 908 2057; x_wconf 87' lang='lat' dir='ltr'><strong>ipsius</strong></span> <span class='ocrx_word' id='word_1_95' title='bbox 944 1957 1151 2056; x_wconf 84' lang='lat' dir='ltr'><strong>regni</strong></span> <span class='ocrx_word' id='word_1_96' title='bbox 1194 1957 1427 2031; x_wconf 78' lang='lat' dir='ltr'>nostri</span> <span class='ocrx_word' id='word_1_97' title='bbox 1481 1947 1936 2037; x_wconf 85' lang='lat' dir='ltr'><strong>commodo,·</strong></span> <span class='ocrx_word' id='word_1_98' title='bbox 1977 1950 2283 2029; x_wconf 78' lang='lat' dir='ltr'><strong>vtilitate</strong></span> <span class='ocrx_word' id='word_1_99' title='bbox 2309 2008 2333 2047; x_wconf 92' lang='lat'><strong>,</strong></span> 
     </span>
     <span class='ocr_line' id='line_1_15' title="bbox 168 2055 2337 2164; baseline 0.004 -36"><span class='ocrx_word' id='word_1_100' title='bbox 168 2072 233 2129; x_wconf 89' lang='lat' dir='ltr'><strong>et</strong></span> <span class='ocrx_word' id='word_1_101' title='bbox 281 2061 561 2140; x_wconf 78' lang='lat' dir='ltr'><strong>salubri</strong></span> <span class='ocrx_word' id='word_1_102' title='bbox 617 2055 1051 2139; x_wconf 63' lang='lat' dir='ltr'><strong>deffensione</strong></span> <span class='ocrx_word' id='word_1_103' title='bbox 1127 2059 1629 2164; x_wconf 77' lang='lat' dir='ltr'><strong>exponendis,</strong></span> <span class='ocrx_word' id='word_1_104' title='bbox 1696 2075 2004 2161; x_wconf 52' lang='lat' dir='ltr'><strong>«gratum</strong></span> <span class='ocrx_word' id='word_1_105' title='bbox 2078 2060 2337 2160; x_wconf 81' lang='lat' dir='ltr'><strong>vtique</strong></span> 
     </span>
     <span class='ocr_line' id='line_1_16' title="bbox 165 2161 2341 2274; baseline 0.003 -39"><span class='ocrx_word' id='word_1_106' title='bbox 165 2161 379 2242; x_wconf 79' lang='lat' dir='ltr'><strong>Nobis</strong></span> <span class='ocrx_word' id='word_1_107' title='bbox 430 2194 876 2270; x_wconf 84' lang='lat' dir='ltr'><strong>responsum</strong></span> <span class='ocrx_word' id='word_1_108' title='bbox 931 2186 1453 2274; x_wconf 82' lang='lat' dir='ltr'><strong>etacceptum</strong></span> <span class='ocrx_word' id='word_1_109' title='bbox 1530 2162 1814 2242; x_wconf 72' lang='lat' dir='ltr'><strong>dedisse</strong></span> <span class='ocrx_word' id='word_1_110' title='bbox 1874 2183 1952 2242; x_wconf 85' lang='lat' dir='ltr'><strong>et</strong></span> <span class='ocrx_word' id='word_1_111' title='bbox 1987 2164 2341 2268; x_wconf 54' lang='lat' dir='ltr'><strong>fecisse,</strong></span> 
     </span>
     <span class='ocr_line' id='line_1_17' title="bbox 165 2267 2343 2378; baseline 0.002 -35"><span class='ocrx_word' id='word_1_112' title='bbox 165 2271 480 2360; x_wconf 78' lang='lat' dir='ltr'><strong>volentes</strong></span> <span class='ocrx_word' id='word_1_113' title='bbox 522 2274 802 2352; x_wconf 89' lang='lat' dir='ltr'><strong>dictum</strong></span> <span class='ocrx_word' id='word_1_114' title='bbox 846 2300 1164 2378; x_wconf 82' lang='lat' dir='ltr'><strong>regnum</strong></span> <span class='ocrx_word' id='word_1_115' title='bbox 1204 2292 1541 2352; x_wconf 86' lang='lat' dir='ltr'><strong>nostrum</strong></span> <span class='ocrx_word' id='word_1_116' title='bbox 1569 2329 1594 2368; x_wconf 97' lang='lat'><strong>,</strong></span> <span class='ocrx_word' id='word_1_117' title='bbox 1649 2271 1862 2375; x_wconf 88' lang='lat' dir='ltr'><strong>quod</strong></span> <span class='ocrx_word' id='word_1_118' title='bbox 1914 2267 2343 2348; x_wconf 72' lang='lat' dir='ltr'><strong>huiusmodi</strong></span> 
     </span>
     <span class='ocr_line' id='line_1_18' title="bbox 165 2372 2344 2484; baseline 0.001 -32"><span class='ocrx_word' id='word_1_119' title='bbox 165 2372 741 2484; x_wconf 80' lang='lat' dir='ltr'><strong>impositionem,</strong></span> <span class='ocrx_word' id='word_1_120' title='bbox 796 2380 1240 2459; x_wconf 79' lang='lat' dir='ltr'><strong>dicationem</strong></span> <span class='ocrx_word' id='word_1_121' title='bbox 1265 2438 1288 2476; x_wconf 90' lang='lat'><strong>,</strong></span> <span class='ocrx_word' id='word_1_122' title='bbox 1343 2400 1420 2460; x_wconf 90' lang='lat' dir='ltr'><strong>et</strong></span> <span class='ocrx_word' id='word_1_123' title='bbox 1455 2381 1926 2459; x_wconf 80' lang='lat' dir='ltr'><strong>exactionem</strong></span> <span class='ocrx_word' id='word_1_124' title='bbox 1966 2376 2344 2457; x_wconf 88' lang='lat' dir='ltr'><strong>semideci-</strong></span> 
     </span>
     <span class='ocr_line' id='line_1_19' title="bbox 165 2487 2389 2596; baseline 0 -34"><span class='ocrx_word' id='word_1_125' title='bbox 165 2509 311 2563; x_wconf 86' lang='lat' dir='ltr'><strong>mae</strong></span> <span class='ocrx_word' id='word_1_126' title='bbox 340 2509 419 2567; x_wconf 59' lang='lat' dir='ltr'><strong>‘et</strong></span> <span class='ocrx_word' id='word_1_127' title='bbox 454 2491 1183 2596; x_wconf 67' lang='lat' dir='ltr'><strong>quinquagesimae,</strong></span> <span class='ocrx_word' id='word_1_128' title='bbox 1239 2493 1315 2566; x_wconf 89' lang='lat' dir='ltr'><strong>in</strong></span> <span class='ocrx_word' id='word_1_129' title='bbox 1359 2489 1750 2566; x_wconf 82' lang='lat' dir='ltr'><strong>vlteriores</strong></span> <span class='ocrx_word' id='word_1_130' title='bbox 1801 2512 2038 2563; x_wconf 89' lang='lat' dir='ltr'><strong>annos</strong></span> <span class='ocrx_word' id='word_1_131' title='bbox 2084 2487 2343 2590; x_wconf 87' lang='lat' dir='ltr'><strong>aliquo</strong></span> <span class='ocrx_word' id='word_1_132' title='bbox 2385 2538 2389 2543; x_wconf 93' lang='lat'>-</span> 
     </span>
     <span class='ocr_line' id='line_1_20' title="bbox 167 2594 2348 2702; baseline 0 -33"><span class='ocrx_word' id='word_1_133' title='bbox 167 2598 514 2693; x_wconf 72' lang='lat' dir='ltr'><strong>temporis</strong></span> <span class='ocrx_word' id='word_1_134' title='bbox 550 2622 890 2698; x_wconf 84' lang='lat' dir='ltr'><strong>successu</strong></span> <span class='ocrx_word' id='word_1_135' title='bbox 920 2615 1445 2702; x_wconf 80' lang='lat' dir='ltr'><strong>praeterquam</strong></span> <span class='ocrx_word' id='word_1_136' title='bbox 1478 2594 1715 2672; x_wconf 86' lang='lat' dir='ltr'><strong>semel</strong></span> <span class='ocrx_word' id='word_1_137' title='bbox 1751 2611 1830 2673; x_wconf 88' lang='lat' dir='ltr'><strong>et</strong></span> <span class='ocrx_word' id='word_1_138' title='bbox 1866 2596 2000 2670; x_wconf 89' lang='lat' dir='ltr'><strong>ista</strong></span> <span class='ocrx_word' id='word_1_139' title='bbox 2027 2610 2348 2672; x_wconf 84' lang='lat' dir='ltr'><strong>tantum·</strong></span> 
     </span>
     <span class='ocr_line' id='line_1_21' title="bbox 166 2695 2462 2809; baseline 0 -33"><span class='ocrx_word' id='word_1_140' title='bbox 166 2702 377 2780; x_wconf 83' lang='lat' dir='ltr'><strong>modo</strong></span> <span class='ocrx_word' id='word_1_141' title='bbox 421 2701 600 2781; x_wconf 78' lang='lat' dir='ltr'><strong>vice</strong></span> <span class='ocrx_word' id='word_1_142' title='bbox 634 2731 857 2808; x_wconf 87' lang='lat' dir='ltr'><strong>super</strong></span> <span class='ocrx_word' id='word_1_143' title='bbox 895 2732 975 2781; x_wconf 92' lang='lat' dir='ltr'><strong>se</strong></span> <span class='ocrx_word' id='word_1_144' title='bbox 1005 2703 1271 2793; x_wconf 63' lang='lat' dir='ltr'><strong>fieret,</strong></span> <span class='ocrx_word' id='word_1_145' title='bbox 1319 2706 1614 2809; x_wconf 80' lang='lat' dir='ltr'><strong>rogauit</strong></span> <span class='ocrx_word' id='word_1_146' title='bbox 1655 2695 2024 2805; x_wconf 73' lang='lat' dir='ltr'><strong>praefatos</strong></span> <span class='ocrx_word' id='word_1_147' title='bbox 2061 2700 2347 2776; x_wconf 81' lang='lat' dir='ltr'><strong>Praela-</strong></span> <span class='ocrx_word' id='word_1_148' title='bbox 2381 2794 2382 2799; x_wconf 6' lang='grc' dir='ltr'><strong>Ἰ</strong></span> <span class='ocrx_word' id='word_1_149' title='bbox 2449 2730 2462 2741; x_wconf 90' lang='grc'><em>·</em></span> 
     </span>
     <span class='ocr_line' id='line_1_22' title="bbox 170 2803 2346 2911; baseline -0.002 -25"><span class='ocrx_word' id='word_1_150' title='bbox 170 2821 315 2904; x_wconf 71' lang='lat' dir='ltr'><strong>tot,</strong></span> <span class='ocrx_word' id='word_1_151' title='bbox 356 2810 799 2888; x_wconf 81' lang='lat' dir='ltr'><strong>etBaroncs</strong></span> <span class='ocrx_word' id='word_1_152' title='bbox 836 2829 1171 2906; x_wconf 87' lang='lat' dir='ltr'><strong>nostros,</strong></span> <span class='ocrx_word' id='word_1_153' title='bbox 1228 2836 1370 2899; x_wconf 75' lang='lat' dir='ltr'><strong>nec</strong></span> <span class='ocrx_word' id='word_1_154' title='bbox 1407 2837 1558 2885; x_wconf 89' lang='lat' dir='ltr'><strong>non</strong></span> <span class='ocrx_word' id='word_1_155' title='bbox 1603 2803 2006 2884; x_wconf 82' lang='lat' dir='ltr'><strong>Dominum</strong></span> <span class='ocrx_word' id='word_1_156' title='bbox 2045 2806 2346 2911; x_wconf 85' lang='lat' dir='ltr'><strong>Episco-</strong></span> 
     </span>
     <span class='ocr_line' id='line_1_23' title="bbox 168 2908 2349 3018; baseline -0.002 -29"><span class='ocrx_word' id='word_1_157' title='bbox 168 2940 296 3015; x_wconf 84' lang='lat' dir='ltr'><strong>pus</strong></span> <span class='ocrx_word' id='word_1_158' title='bbox 331 2920 663 2995; x_wconf 78' lang='lat' dir='ltr'><strong>Jaurien.</strong></span> <span class='ocrx_word' id='word_1_159' title='bbox 718 2935 800 2995; x_wconf 87' lang='lat' dir='ltr'><strong>-et</strong></span> <span class='ocrx_word' id='word_1_160' title='bbox 837 2908 1319 2993; x_wconf 71' lang='lat' dir='ltr'><strong>Laurentium</strong></span> <span class='ocrx_word' id='word_1_161' title='bbox 1368 2915 1466 2991; x_wconf 89' lang='lat' dir='ltr'><strong>de</strong></span> <span class='ocrx_word' id='word_1_162' title='bbox 1507 2911 2063 3005; x_wconf 70' lang='lat' dir='ltr'><strong>Hedrechwnr,</strong></span> <span class='ocrx_word' id='word_1_163' title='bbox 2113 2912 2349 3018; x_wconf 72' lang='lat' dir='ltr'><strong>Magi-</strong></span> 
     </span>
     <span class='ocr_line' id='line_1_24' title="bbox 169 3017 2353 3127; baseline 0 -33"><span class='ocrx_word' id='word_1_164' title='bbox 169 3036 383 3100; x_wconf 84' lang='lat' dir='ltr'><strong>strum</strong></span> <span class='ocrx_word' id='word_1_165' title='bbox 419 3017 860 3127; x_wconf 67' lang='lat' dir='ltr'><strong>‘Agazonum</strong></span> <span class='ocrx_word' id='word_1_166' title='bbox 897 3042 1319 3102; x_wconf 88' lang='lat' dir='ltr'><strong>nostrorum</strong></span> <span class='ocrx_word' id='word_1_167' title='bbox 1341 3076 1364 3110; x_wconf 86' lang='lat'><strong>,</strong></span> <span class='ocrx_word' id='word_1_168' title='bbox 1427 3041 1504 3098; x_wconf 80' lang='lat' dir='ltr'><strong>vt</strong></span> <span class='ocrx_word' id='word_1_169' title='bbox 1539 3021 1762 3097; x_wconf 90' lang='lat' dir='ltr'><strong>iidem</strong></span> <span class='ocrx_word' id='word_1_170' title='bbox 1803 3046 1975 3095; x_wconf 91' lang='lat' dir='ltr'><strong>cum</strong></span> <span class='ocrx_word' id='word_1_171' title='bbox 2013 3018 2353 3123; x_wconf 84' lang='lat' dir='ltr'><strong>instantia</strong></span> 
     </span>
     <span class='ocr_line' id='line_1_25' title="bbox 167 3128 2346 3237; baseline -0.001 -34"><span class='ocrx_word' id='word_1_172' title='bbox 167 3151 239 3203; x_wconf 84' lang='lat' dir='ltr'><strong>se</strong></span> <span class='ocrx_word' id='word_1_173' title='bbox 284 3134 852 3236; x_wconf 79' lang='lat' dir='ltr'><strong>interponerent</strong></span> <span class='ocrx_word' id='word_1_174' title='bbox 923 3132 1123 3237; x_wconf 87' lang='lat' dir='ltr'><strong>apud</strong></span> <span class='ocrx_word' id='word_1_175' title='bbox 1201 3149 1524 3205; x_wconf 85' lang='lat' dir='ltr'><strong>nostram</strong></span> <span class='ocrx_word' id='word_1_176' title='bbox 1600 3128 2056 3203; x_wconf 84' lang='lat' dir='ltr'><strong>maiestatem</strong></span> <span class='ocrx_word' id='word_1_177' title='bbox 2089 3177 2115 3218; x_wconf 87' lang='lat'>‚</span> <span class='ocrx_word' id='word_1_178' title='bbox 2202 3148 2346 3231; x_wconf 86' lang='lat' dir='ltr'><strong>pro</strong></span> 
     </span>
     <span class='ocr_line' id='line_1_26' title="bbox 166 3228 2345 3343; baseline -0.001 -30"><span class='ocrx_word' id='word_1_179' title='bbox 166 3228 577 3315; x_wconf 64' lang='lat' dir='ltr'><strong>uniusmodi</strong></span> <span class='ocrx_word' id='word_1_180' title='bbox 609 3238 1000 3317; x_wconf 80' lang='lat' dir='ltr'><strong>securitate</strong></span> <span class='ocrx_word' id='word_1_181' title='bbox 1021 3294 1045 3333; x_wconf 89' lang='lat'><strong>,</strong></span> <span class='ocrx_word' id='word_1_182' title='bbox 1074 3255 1177 3315; x_wconf 72' lang='grc' dir='ltr'><strong>’.η</strong></span> <span class='ocrx_word' id='word_1_183' title='bbox 1216 3252 1631 3343; x_wconf 82' lang='lat' dir='ltr'><strong>praetactae</strong></span> <span class='ocrx_word' id='word_1_184' title='bbox 1675 3231 2192 3311; x_wconf 83' lang='lat' dir='ltr'><strong>semidecimae</strong></span> <span class='ocrx_word' id='word_1_185' title='bbox 2228 3258 2345 3311; x_wconf 89' lang='lat' dir='ltr'><strong>su-</strong></span> 
     </span>
     <span class='ocr_line' id='line_1_27' title="bbox 165 3340 2341 3448; baseline -0.001 -32"><span class='ocrx_word' id='word_1_186' title='bbox 165 3367 295 3444; x_wconf 87' lang='lat' dir='ltr'><strong>per</strong></span> <span class='ocrx_word' id='word_1_187' title='bbox 346 3346 633 3425; x_wconf 88' lang='lat' dir='ltr'><strong>clerum</strong></span> <span class='ocrx_word' id='word_1_188' title='bbox 693 3360 772 3421; x_wconf 93' lang='lat' dir='ltr'><strong>et</strong></span> <span class='ocrx_word' id='word_1_189' title='bbox 822 3347 1452 3448; x_wconf 82' lang='lat' dir='ltr'><strong>quingentesimae</strong></span> <span class='ocrx_word' id='word_1_190' title='bbox 1482 3401 1504 3440; x_wconf 94' lang='lat'><strong>,</strong></span> <span class='ocrx_word' id='word_1_191' title='bbox 1557 3370 1644 3420; x_wconf 89' lang='lat' dir='ltr'><strong>ac</strong></span> <span class='ocrx_word' id='word_1_192' title='bbox 1689 3362 1824 3417; x_wconf 82' lang='lat' dir='ltr'><strong>sex</strong></span> <span class='ocrx_word' id='word_1_193' title='bbox 1861 3340 2147 3417; x_wconf 84' lang='lat' dir='ltr'><strong>denarii</strong></span> <span class='ocrx_word' id='word_1_194' title='bbox 2200 3363 2341 3416; x_wconf 84' lang='lat' dir='ltr'><strong>su-</strong></span> 
     </span>
     <span class='ocr_line' id='line_1_28' title="bbox 164 3448 2356 3558; baseline -0.001 -34"><span class='ocrx_word' id='word_1_195' title='bbox 164 3474 295 3551; x_wconf 83' lang='lat' dir='ltr'><strong>per</strong></span> <span class='ocrx_word' id='word_1_196' title='bbox 332 3454 703 3529; x_wconf 83' lang='lat' dir='ltr'><strong>seculares</strong></span> <span class='ocrx_word' id='word_1_197' title='bbox 732 3479 1081 3556; x_wconf 85' lang='lat' dir='ltr'><strong>personas</strong></span> <span class='ocrx_word' id='word_1_198' title='bbox 1103 3505 1125 3545; x_wconf 91' lang='lat'>‚</span> <span class='ocrx_word' id='word_1_199' title='bbox 1177 3480 1565 3558; x_wconf 87' lang='lat' dir='ltr'><strong>nunquam</strong></span> <span class='ocrx_word' id='word_1_200' title='bbox 1601 3448 1697 3527; x_wconf 92' lang='lat' dir='ltr'><strong>de</strong></span> <span class='ocrx_word' id='word_1_201' title='bbox 1729 3464 2032 3525; x_wconf 86' lang='lat' dir='ltr'><strong>caetero</strong></span> <span class='ocrx_word' id='word_1_202' title='bbox 2058 3501 2084 3542; x_wconf 90' lang='lat'><strong>,</strong></span> <span class='ocrx_word' id='word_1_203' title='bbox 2137 3471 2356 3550; x_wconf 81' lang='lat' dir='ltr'><strong>prae·</strong></span> 
     </span>
     <span class='ocr_line' id='line_1_29' title="bbox 168 3552 2356 3662; baseline -0.002 -27"><span class='ocrx_word' id='word_1_204' title='bbox 168 3568 504 3662; x_wconf 73' lang='lat' dir='ltr'><strong>tet-quani</strong></span> <span class='ocrx_word' id='word_1_205' title='bbox 534 3564 807 3650; x_wconf 81' lang='lat' dir='ltr'><strong>semel,</strong></span> <span class='ocrx_word' id='word_1_206' title='bbox 859 3575 937 3637; x_wconf 82' lang='lat' dir='ltr'><strong>et</strong></span> <span class='ocrx_word' id='word_1_207' title='bbox 984 3561 1120 3637; x_wconf 84' lang='lat' dir='ltr'><strong>ista</strong></span> <span class='ocrx_word' id='word_1_208' title='bbox 1160 3561 1376 3654; x_wconf 70' lang='lat' dir='ltr'><strong>vice,</strong></span> <span class='ocrx_word' id='word_1_209' title='bbox 1451 3557 2065 3658; x_wconf 76' lang='lat' dir='ltr'><strong>imponerentur,</strong></span> <span class='ocrx_word' id='word_1_210' title='bbox 2139 3552 2356 3631; x_wconf 76' lang='lat' dir='ltr'><strong>diea-</strong></span> 
     </span>
     <span class='ocr_line' id='line_1_30' title="bbox 167 3663 2352 3773; baseline -0.002 -34"><span class='ocrx_word' id='word_1_211' title='bbox 167 3683 460 3759; x_wconf 84' lang='lat' dir='ltr'><strong>rentur,</strong></span> <span class='ocrx_word' id='word_1_212' title='bbox 503 3686 582 3744; x_wconf 87' lang='lat' dir='ltr'><strong>et</strong></span> <span class='ocrx_word' id='word_1_213' title='bbox 621 3668 1139 3773; x_wconf 81' lang='lat' dir='ltr'><strong>exigerentur,</strong></span> <span class='ocrx_word' id='word_1_214' title='bbox 1175 3665 1271 3740; x_wconf 89' lang='lat' dir='ltr'><strong>ad</strong></span> <span class='ocrx_word' id='word_1_215' title='bbox 1299 3666 1713 3770; x_wconf 82' lang='lat' dir='ltr'><strong>quemlibet</strong></span> <span class='ocrx_word' id='word_1_216' title='bbox 1746 3663 2194 3739; x_wconf 83' lang='lat' dir='ltr'><strong>comitatum</strong></span> <span class='ocrx_word' id='word_1_217' title='bbox 2237 3685 2352 3735; x_wconf 89' lang='lat' dir='ltr'><strong>re-</strong></span> 
     </span>
     <span class='ocr_line' id='line_1_31' title="bbox 168 3767 2356 3871; baseline -0.002 -25"><span class='ocrx_word' id='word_1_218' title='bbox 168 3771 288 3871; x_wconf 79' lang='lat' dir='ltr'><strong>gni</strong></span> <span class='ocrx_word' id='word_1_219' title='bbox 329 3776 569 3852; x_wconf 83' lang='lat' dir='ltr'><strong>nostri</strong></span> <span class='ocrx_word' id='word_1_220' title='bbox 611 3776 926 3851; x_wconf 87' lang='lat' dir='ltr'><strong>Litteras</strong></span> <span class='ocrx_word' id='word_1_221' title='bbox 964 3792 1248 3848; x_wconf 86' lang='lat' dir='ltr'><strong>nostras</strong></span> <span class='ocrx_word' id='word_1_222' title='bbox 1304 3776 1764 3849; x_wconf 85' lang='lat' dir='ltr'><strong>mitteremus</strong></span> <span class='ocrx_word' id='word_1_223' title='bbox 1806 3767 2356 3844; x_wconf 74' lang='lat' dir='ltr'><strong>testimoniales.</strong></span> 
     </span>
     <span class='ocr_line' id='line_1_32' title="bbox 172 3875 2355 3981; baseline 0 -32"><span class='ocrx_word' id='word_1_224' title='bbox 172 3875 447 3954; x_wconf 88' lang='lat' dir='ltr'><strong>Verum</strong></span> <span class='ocrx_word' id='word_1_225' title='bbox 484 3883 666 3981; x_wconf 84' lang='lat' dir='ltr'><strong>quia</strong></span> <span class='ocrx_word' id='word_1_226' title='bbox 693 3904 991 3958; x_wconf 81' lang='lat' dir='ltr'><strong>sacrum</strong></span> <span class='ocrx_word' id='word_1_227' title='bbox 1029 3877 1439 3956; x_wconf 80' lang='lat' dir='ltr'><strong>Basileense</strong></span> <span class='ocrx_word' id='word_1_228' title='bbox 1483 3877 1901 3956; x_wconf 83' lang='lat' dir='ltr'><strong>Concilium</strong></span> <span class='ocrx_word' id='word_1_229' title='bbox 1948 3899 2087 3975; x_wconf 86' lang='lat' dir='ltr'><strong>per</strong></span> <span class='ocrx_word' id='word_1_230' title='bbox 2123 3891 2355 3951; x_wconf 84' lang='lat' dir='ltr'><strong>totam</strong></span> 
     </span>
     <span class='ocr_line' id='line_1_33' title="bbox 178 3979 2358 4091; baseline -0.001 -32"><span class='ocrx_word' id='word_1_231' title='bbox 178 3981 801 4066; x_wconf 72' lang='lat' dir='ltr'><strong>Christianitatem</strong></span> <span class='ocrx_word' id='word_1_232' title='bbox 840 4014 995 4065; x_wconf 87' lang='lat' dir='ltr'><strong>non</strong></span> <span class='ocrx_word' id='word_1_233' title='bbox 1029 3988 1305 4091; x_wconf 87' lang='lat' dir='ltr'><strong>pluries</strong></span> <span class='ocrx_word' id='word_1_234' title='bbox 1327 4041 1349 4080; x_wconf 94' lang='lat'><strong>,</strong></span> <span class='ocrx_word' id='word_1_235' title='bbox 1384 3986 1516 4062; x_wconf 80' lang='lat' dir='ltr'><strong>sed</strong></span> <span class='ocrx_word' id='word_1_236' title='bbox 1548 3983 1776 4062; x_wconf 85' lang='lat' dir='ltr'><strong>semel</strong></span> <span class='ocrx_word' id='word_1_237' title='bbox 1818 3998 2096 4057; x_wconf 86' lang='lat' dir='ltr'><strong>tantum</strong></span> <span class='ocrx_word' id='word_1_238' title='bbox 2120 3979 2358 4057; x_wconf 85' lang='lat' dir='ltr'><strong>huius-</strong></span> 
     </span>
     <span class='ocr_line' id='line_1_34' title="bbox 171 4083 2359 4197; baseline -0.003 -29"><span class='ocrx_word' id='word_1_239' title='bbox 171 4093 370 4168; x_wconf 84' lang='lat' dir='ltr'><strong>modi</strong></span> <span class='ocrx_word' id='word_1_240' title='bbox 409 4096 921 4187; x_wconf 81' lang='lat' dir='ltr'><strong>semidecimas</strong></span> <span class='ocrx_word' id='word_1_241' title='bbox 945 4150 969 4189; x_wconf 89' lang='lat'><strong>,</strong></span> <span class='ocrx_word' id='word_1_242' title='bbox 1022 4112 1100 4171; x_wconf 88' lang='lat' dir='ltr'><strong>et</strong></span> <span class='ocrx_word' id='word_1_243' title='bbox 1141 4094 1793 4197; x_wconf 80' lang='lat' dir='ltr'><strong>quinquagesimas</strong></span> <span class='ocrx_word' id='word_1_244' title='bbox 1828 4113 1916 4163; x_wconf 89' lang='lat' dir='ltr'><strong>ac</strong></span> <span class='ocrx_word' id='word_1_245' title='bbox 1961 4112 2093 4164; x_wconf 86' lang='lat' dir='ltr'><strong>sex</strong></span> <span class='ocrx_word' id='word_1_246' title='bbox 2138 4083 2359 4165; x_wconf 81' lang='lat' dir='ltr'><strong>dena-</strong></span> 
     </span>
     <span class='ocr_line' id='line_1_35' title="bbox 172 4195 2357 4307; baseline -0.002 -32"><span class='ocrx_word' id='word_1_247' title='bbox 172 4195 321 4276; x_wconf 82' lang='lat' dir='ltr'><strong>rios</strong></span> <span class='ocrx_word' id='word_1_248' title='bbox 351 4201 682 4306; x_wconf 87' lang='lat' dir='ltr'><strong>imponi,</strong></span> <span class='ocrx_word' id='word_1_249' title='bbox 735 4202 969 4281; x_wconf 85' lang='lat' dir='ltr'><strong>dicari</strong></span> <span class='ocrx_word' id='word_1_250' title='bbox 1012 4219 1089 4280; x_wconf 90' lang='lat' dir='ltr'><strong>et</strong></span> <span class='ocrx_word' id='word_1_251' title='bbox 1121 4201 1324 4307; x_wconf 82' lang='lat' dir='ltr'><strong>exigi</strong></span> <span class='ocrx_word' id='word_1_252' title='bbox 1366 4199 1744 4291; x_wconf 85' lang='lat' dir='ltr'><strong>decreuit,</strong></span> <span class='ocrx_word' id='word_1_253' title='bbox 1789 4219 1934 4274; x_wconf 91' lang='lat' dir='ltr'><strong>nec</strong></span> <span class='ocrx_word' id='word_1_254' title='bbox 1968 4202 2189 4273; x_wconf 79' lang='lat' dir='ltr'><strong>etiam</strong></span> <span class='ocrx_word' id='word_1_255' title='bbox 2221 4219 2357 4271; x_wconf 90' lang='lat' dir='ltr'><strong>nos</strong></span> 
     </span>
    </p>
   </div>
  </div>
 </body>
</html>
