2926 4849
658 449 811 542 568

547 793 694 852 Idm
719 773 1105 869 &mundus
1130 790 1321 853 limis
1355 645 1968 869 σώοιῗιξίᾙόω
1994 792 2236 851 ammi
2260 791 2617 866 Iibeebaeuya
2652 809 2710 854 a.

741 884 909 941 1405.
941 887 1232 943 concessis
1250 915 1271 947 2
1303 885 1675 948 transumit,
1707 886 2084 943 inmunitates
2119 885 2368 955 ipsorum
2400 882 2715 954 confir-as.

735 973 811 1031 A.
845 970 1004 1031 14³4.
2275 991 2283 996 ·

743 1084 901 1164 Nos
934 1068 1447 1191 sigismundus
1471 1099 1615 1160 etc.
1646 1082 2213 1172 Praesentarunt
2233 1077 2470 1158 Nobis
2507 1039 2721 1188 quas·

553 1187 724 1267 dam
749 1188 996 1268 literas
1018 1210 1301 1269 nostras
1332 1205 1668 1303 patentes
1689 1191 1957 1265 maiori
1991 1187 2232 1291 sigillo
2253 1206 2541 1283 nostro,
2569 1212 2719 1291 quo

551 1315 636 1373 vt
669 1323 811 1372 rex
840 1299 1257 1401 Hungariae
1290 1296 1721 1391 vtebamur,
1751 1322 1995 1400 nuper
2029 1310 2341 1402 propter
2375 1319 2719 1397 augmen·

549 1419 713 1480 tum
760 1404 949 1481 tituli
990 1408 1226 1485 nostri
1265 1402 1726 1508 Imperialis,
1754 1404 2108 1528 susceptis
2144 1401 2442 1482 coronis
2476 1403 2719 1506 Impe-

453 1567 460 1576 .
550 1508 852 1586 rialibus
885 1538 1023 1616 per
1062 1538 1198 1588 nos
1238 1510 1626 1587 confracto
1650 1562 1676 1605 ,
1729 1526 1804 1586 et
1843 1509 1921 1586 in
1959 1527 2201 1613 partes
2229 1507 2594 1584 dissecato
2627 1512 2718 1584 si·

549 1617 784 1720 gillo,
823 1618 994 1693 loco
1032 1618 1379 1695 videlicet
1411 1619 1620 1698 cuius
1657 1615 1856 1691 aliud
1892 1615 2225 1693 similiter
2252 1615 2487 1690 maius
2529 1616 2715 1717 sigil-

548 1723 706 1799 lum
736 1724 1021 1800 formae
1056 1723 1420 1809 dissimilis
1455 1750 1598 1827 pro
1637 1742 1885 1799 nostra
1929 1719 2318 1800 Maiestate
2372 1717 2465 1814 de
2517 1747 2717 1798 nouo

549 1828 789 1933 sculpi
834 1829 1144 1907 fecimus
1175 1845 1250 1907 et
1281 1829 1632 1910 fabricari
1653 1881 1676 1921 ,
1728 1856 1769 1904 a
1813 1846 2027 1932 tergo
2063 1831 2523 1934 consignatas
2546 1883 2568 1922 ,
2632 1831 2727 1904 vi·

549 1960 736 2038 gore
770 1949 1088 2037 quarum
1126 1934 1503 2028 eosdem,
1529 1937 1733 2013 iuxta
1772 1934 1892 2010 soi
1895 1962 2090 2013 mam
2129 1935 2364 2011 nostri
2410 1959 2720 2037 genera-

548 2039 640 2116 lis
678 2042 1010 2136 Decreti‚
1040 2069 1179 2147 per
1208 2067 1343 2120 nos
1373 2068 1467 2118 ex
1498 2040 2032 2117 deliberatione
2054 2041 2556 2118 praelatorum
2589 2040 2726 2117 Ba·
2736 2071 2747 2080 ’

339 2131 344 2138 ’
440 2205 446 2214 -
547 2175 870 2244 ronum,
920 2148 1318 2250 Regnique
1363 2149 1600 2226 nostri
1635 2148 2084 2248 Procerum,
2135 2148 2419 2225 dudum
2457 2173 2722 2256 super-

550 2254 730 2332 inde
767 2254 1070 2332 stabiliti
1110 2273 1185 2332 et
1219 2255 1458 2349 editi,
1515 2251 1619 2330 ab
1658 2254 1863 2329 omni
1926 2254 2294 2332 solutione
2336 2251 2720 2332 tributaria

546 2363 626 2439 iu
665 2362 938 2455 nostris
980 2362 1278 2441 tributis
1312 2362 1538 2468 regiis
1569 2387 1706 2468 per
1739 2361 1939 2465 ipsos
1981 2359 2076 2439 de
2128 2389 2407 2451 eorum
2432 2359 2718 2459 rebus,

546 2467 772 2545 bonis
810 2488 885 2545 et
917 2471 1294 2546 mercibus
1339 2472 1535 2546 solui
1573 2484 1962 2560 consueta,
2052 2470 2282 2548 modo
2329 2489 2409 2551 et
2454 2470 2719 2549 ordine
2762 2468 2767 2471 ’

544 2570 767 2668 infra,
807 2602 882 2650 ιιι
922 2576 1359 2652 tenoribus
1338 2602 1664 2680 ipsarum
1698 2574 1870 2651 litei
1873 2602 2082 2652 arum
2113 2596 2534 2659 nostramm
2563 2602 2723 2685 spe-

545 2678 885 2788 cificatis,
940 2685 1323 2777 exemisse,
1376 2697 1456 2757 et
1495 2682 1843 2761 libeiasse
1883 2682 2405 2788 dignoscimur.
2457 2723 2568 2742 -
2620 2722 2725 2740 -—-
2772 2736 2775 2739 Α

539 2766 818 2864 Datum
854 2785 1208 2863 Posonii
1189 2817 1263 2863 ιιι
1306 2785 1497 2864 festo
1540 2790 1619 2863 B.
1677 2786 2111 2868 catharinae
2168 2789 2516 2895 Virginis.
2570 2791 2729 2869 Διι-

471 2970 480 2983 x
540 2917 647 2970 no
687 2893 992 2969 Domini
1028 2893 1614 2972 MCDXXXIV-
1619 2922 1688 2972 o.
1692 2894 1740 2935 “

630 3018 843 3111 suppl.
887 3021 1107 3092 comis
1149 3027 1216 3091 P.
1259 3028 1305 3090 1.
1347 3047 1409 3112 p.
1455 3026 1603 3091 312

1468 3178 1813 3259 ceux,

401 3327 422 3349 '¹
535 3325 686 3382 Idem
720 3325 1116 3398 Sigismundus
1154 3322 1396 3381 ciuibus
1427 3323 1497 3379 de
1529 3321 1795 3396 tsffia'nya
1825 3327 1922 3381 ius
1938 3318 2354 3383 ‘nundinarum
2404 3344 2727 3383 annuarum

730 3430 788 3470 ee
817 3416 1302 3471 hebdomadalium
1329 3418 1607 3473 concedit.
1656 3418 1724 3472 A.
1767 3414 1930 3473 1434.

525 3605 529 3609 ⁴
738 3522 896 3629 Nos
953 3529 1462 3633 Sigismundus
1499 3570 1613 3590 —
1648 3532 2052 3607 memoriae
2093 3529 2730 3633 commendamus,

535 3638 741 3747 quod
803 3664 945 3714 nos
1006 3639 1093 3712 ad
1158 3636 1611 3714 humillimae
1687 3637 2250 3741 supplicationis
2304 3641 2733 3717 instantiam

531 3775 677 3853 pro
712 3764 920 3851 parte
956 3744 1281 3820 fidelium
1328 3760 1796 3834 nostrorum,
1850 3744 2135 3827 Judicis
2186 3771 2287 3821 ac
2325 3745 2730 3823 vniuerso-

531 3882 700 3931 rum
736 3853 1078 3945 Cinium,
1138 3851 1515 3954 hospitum
1553 3868 1627 3926 et
1670 3853 1885 3929 totius
1946 3851 2496 3928 communitatis
2549 3856 2730 3927 ciui·

530 3966 699 4043 tatis
769 3977 974 4034 nost·
978 3986 1019 4031 e
1042 4014 1064 4048 ,
1158 3959 1228 4032 K
1253 3987 1323 4036 w
1342 3960 1364 4029 i
1389 3987 1431 4029 ιι
1456 3982 1499 4029 e
1519 3983 1567 4057 g
1588 3956 1693 4030 sb
1716 3985 1754 4031 e
1778 3988 1816 4032 ι
1832 3988 1879 4061 g
1944 3978 2239 4033 vocatae
2263 4011 2284 4050 ‚
2351 3960 2729 4034 Maiestati

531 4088 825 4144 nostiae
870 4085 1270 4168 propterea
1308 4080 1738 4165 perlectae,
1797 4085 1959 4141 tum
1995 4065 2217 4140 etiam
2255 4092 2397 4170 pro
2452 4067 2723 4141 vtilita·

533 4192 605 4252 te
653 4193 730 4250 et
757 4171 1223 4250 commodo
1200 4170 1426 4277 ipsius
1462 4171 1799 4248 Ciuitatis
1843 4188 2178 4281 nostrae,
2232 4173 2599 4276 regnique
2642 4187 2725 4247 et
