2926 4849
2158 521 2310 595 529

227 730 590 807 borenses
622 748 1066 834 campestres
1091 785 1115 823 ‚
1170 747 1251 806 vt
1292 725 1887 807 manifestissime
1932 731 2422 835 Literacapi-

226 838 398 913 talis
426 835 738 923 enodat,
777 839 1102 939 qualiter
1134 835 1691 914 fideiubuerunt
1734 863 1876 942 pro
1902 836 2142 913 tribus
2169 835 2420 915 *mille-
2509 851 2518 858 '

227 948 459 1020 uariis
491 939 971 1032 florenorum,
1006 943 1563 1047 Vngaricalium
1600 945 1901 1041 insuper
1931 941 2241 1020 XLVII.
2277 946 2420 1022 flo-

226 1051 473 1145 renis,
527 1075 669 1151 pro
716 1068 971 1125 nostra
1029 1049 1465 1126 liberatione
1520 1051 2010 1152 captiuitatiS,
2069 1048 2293 1154 quam
2338 1052 2424 1126 li·

206 1175 470 1254 ⁴teram
512 1149 918 1260 capitalem
957 1154 1272 1257 praefati
1314 1158 1616 1232 'Domini
1657 1155 2167 1234 Thaborenses
2215 1186 2428 1234 cam-

227 1250 512 1369 pestres
546 1262 863 1355 habent;
921 1265 1075 1337 Nos
1111 1291 1291 1340 vero
1335 1260 1642 1367 praefati
1684 1259 1902 1340 Ciues
1928 1320 1947 1355 ‚
1991 1268 2259 1342 virtute
2298 1263 2429 1339 hu-

222 1374 338 1447 ius
374 1371 629 1447 literae
665 1367 1063 1472 praedictis
1108 1369 1471 1460 Dominis,
1518 1371 1840 1446 Domino
1882 1370 2304 1470 Abraham,
2359 1390 2437 1446 et

226 1479 574 1556 Domino
614 1477 929 1552 Wlotko
972 1478 1468 1580 promittimus
1509 1479 1726 1551 etiam
1773 1476 1911 1552 sub
1953 1471 2200 1553 nostra
2236 1479 2438 1555 bona

225 1581 426 1681 fide,
498 1610 584 1662 ac
625 1581 761 1659 sub
810 1575 1097 1658 honore
1149 1602 1409 1659 nostro
1462 1573 1814 1688 propi-'im
1872 1583 2174 1660 eosdem
2229 1587 2437 1662 omni

214 1689 503 1778 damno
548 1694 956 1792 extrigare,
1014 1688 1108 1765 de
1141 1686 1471 1794 praefata
1511 1690 2004 1768 fide-iussoria
2054 1695 2436 1787 cautione,

223 1798 437 1876 omni
473 1815 835 1873 excusata
870 1815 1334 1902 postergata,
1391 1813 1468 1872 et
1500 1798 1559 1870 si
1605 1822 1815 1872 secus
1863 1824 1999 1900 per
2047 1824 2182 1873 nos
2234 1798 2439 1879 foret

220 1895 511 1980 factum
538 1961 558 1998 ,
614 1922 889 1980 extunc
928 1906 1271 2008 praefatis
1318 1902 1654 1978 Dominis
1693 1903 1989 2008 plenam
2029 1904 2438 1982 authorita-

219 2027 381 2089 tem
420 2010 678 2086 damus
714 2037 851 2087 nos
888 2012 965 2085 in
1015 2010 1155 2085 viis
1202 2011 1621 2114 captiuam,
1703 2011 1980 2117 vbique
2047 2029 2425 2107 arastum,

218 2137 477 2195 nostra
518 2118 715 2194 bona
754 2120 1138 2221 recipere,
1212 2119 1394 2219 igne
1437 2116 1864 2200 deuastare‘.
1938 2136 2015 2196 et
2086 2117 2432 2196 omnibus

220 2223 595 2301 damnosis
636 2223 878 2297 modis
918 2250 1054 2300 nos
1100 2221 1193 2298 ad
1226 2225 1411 2320 ¹haec
1449 2222 1948 2328 adstringere,
1989 2243 2068 2301 et
2105 2226 2430 2328 compel-

218 2331 383 2408 l‘ere
428 2332 1010 2436 quibuscunque
1050 2330 1296 2408 modis
1346 2334 1769 2437 potuerint,
1845 2333 2168 2424 tamdiu,
2224 2360 2431 2438 quo-

218 2460 467 2543 nsque
501 2438 595 2514 de
634 2434 969 2543 praefata
1008 2437 1154 2514 fide
1193 2440 1506 2514 iussoria
1545 2443 1894 2517 cautione
1931 2440 2232 2518 eosdem
2275 2467 2426 2517 non

215 2538 841 2647 exstrigaremus',
896 2547 1048 2658 imo
1082 2535 1522 2649 quicunque
1570 2546 1664 2622 de
1706 2575 1967 2623 eorum
2023 2548 2223 2623 bona
2280 2573 2429 2623 vo·-

215 2652 504 2728 luntate
541 2671 856 2758 propter
906 2679 1058 2727 non
1111 2654 1717 2755 exstrigationem
1781 2682 1920 2731 nos
1970 2656 2440 2758 captiuaret‚'

210 2758 422 2835 bona
456 2778 706 2834 nostra
754 2759 1207 2843 destrueret,
1268 2777 1347 2834 et
1382 2760 1723 2838 omnibus
1753 2760 2422 2849 destructionibus,
2512 2755 2522 2771 ⁸

207 2884 295 2943 et
334 2864 966 2945 deuastationibus
1014 2891 1149 2940 nos
1184 2866 1625 2968 impediret,
1661 2886 1922 2943 contra
1954 2868 2088 2955 illa
2122 2867 2271 2943 vllo
2311 2870 2440 2946 iuae

206 2999 303 3052 re
339 2976 746 3078 poterimus
781 2970 1015 3076 loqui.
1054 2976 1141 3047 In
1184 2975 1396 3047 cuius
1434 2976 1548 3048 rei
1573 2976 2074 3051 testimonium
2095 2974 2418 3074 sigillum.

207 3099 509 3158 nostrae
546 3078 876 3157 Ciuitatis
910 3079 1081 3154 huic
1115 3078 1375 3154 literae
1426 3096 1546 3154 est
1589 3079 2190 3184 subimpressum.
2249 3082 2414 3155 Da-

205 3206 379 3265 tum
415 3184 600 3270 feria
636 3205 839 3262 sexta
877 3189 1044 3289 ipso
1074 3185 1193 3261 die
1241 3183 1585 3261 Stanislai
1610 3241 1630 3278 ,
1659 3189 1930 3294 in‘ipsa
1968 3186 2211 3291 Gyba.
2246 3187 2404 3262 An-

201 3296 655 3397 no'Domini
713 3293 1343 3369 MCDXXXHI.“
1396 3293 1484 3369 L.
1544 3290 1625 3369 S.
1991 3360 1994 3367 .

278 3430 388 3493 Ex
420 3423 851 3513 autbogrppbo
885 3414 1122 3488 archiui
1156 3424 1320 3491 vrbis
1366 3422 1684 3489 Kesmark·
1729 3419 1946 3511 Gyba‚
2009 3426 2200 3490 Slauis
2245 3394 2430 3517 alhs

402 3527 758 3591 Teutonicis
782 3529 960 3614 Geyb
981 3575 998 3604 ‚
1032 3540 1123 3592 est
1159 3528 1451 3613 oppidum
1481 3525 1724 3599 ditionis
1756 3526 2198 3607 Hmdekensis,
2243 3526 2396 3595 Pro-

404 3633 596 3697 niciae
627 3636 827 3719 Lipto.
873 3638 1055 3698 Hunc
1090 3658 1280 3719 vsque
1315 3637 1519 3699 locum
1558 3646 1705 3701 sunt
1749 3636 2054 3701 Primores
2103 3642 2424 3701 Kesmar-‘

403 3715 621 3785 kemes
653 3741 770 3805 per
799 3719 1126 3783 Taboritah
1152 3721 1461 3784 abstracti.
2132 3752 2136 3761 ·

242 3932 253 3939 ‚
1060 3855 1552 3931 CCXXXIX.

201 3982 416 4054 Forma
435 3993 741 4049 processus
776 3976 1085 4031 iudicitur-ii
1105 3976 1528 4032 Ecclesiastici.
1564 3976 1632 4030 A.
1653 3973 1813 4033 1433.
1959 4036 1966 4039 ν

397 4072 557 4147 Nos
590 4068 1030 4146 Valentinus
1056 4069 1423 4146 Literatus
1456 4086 1533 4145 et
1554 4071 1985 4147 conuentus
2019 4071 2393 4153 Ecclesiae

200 4177 611 4269 Budensisff
657 4176 1053 4279 Judexque
1088 4176 1636 4257 commissarius
1673 4204 1814 4284 per
1848 4179 2401 4258 Reuerendissi-

220 4356 221 4359 n
315 4287 527 4365 Tom.
565 4284 865 4362 x.vol.
890 4284 1064 4361 2V11.
1373 4280 1379 4301 ¹
1869 4332 1872 4333 f
1906 4287 2010 4359 34
