2926 4849
621 403 782 477 5³0

498 643 705 702 mum
731 616 812 700 in
842 610 1134 692 Christo
1158 616 1506 706 Patrem,
1544 634 1624 714 et
1656 616 2060 696 Dominum
2098 617 2507 702 Dominum
2545 621 2703 696 Ge·

404 775 419 792 ·
494 711 792 828 orgium
860 717 1530 834 Archiepiscopum
1595 713 1971 803 Ecclesiae
2025 719 2482 828 strigonien.
2541 743 2696 803 etc.

496 855 726 936 super
759 857 975 907 causa
1009 845 1088 907 et
1132 831 1362 906 causis
1397 832 1474 904 in
1512 807 1712 931 i'acto
1761 831 2219 928 decimarum
2280 832 2479 907 inter
2525 833 2697 909 Ve-
2737 857 2748 884 ί

496 936 866 1039 nerabiles
925 940 1120 1015 viros
1186 935 1550 1012 Dominos
1606 931 2048 1018 Michaelem
2106 940 2619 1043 Praepositum
2660 994 2694 1036 ,

489 1046 933 1144 Lectorem,
993 1047 1433 1138 Cantorem,
1476 1041 1928 1136 Custodem,
1973 1065 2050 1124 et
2083 1045 2512 1150 Capitulum
2556 1047 2696 1124 Ec-

490 1153 757 1232 clesiae
794 1150 1335 1253 strigoniensis
1370 1149 1465 1226 ab
1511 1179 1694 1243 vna,
1755 1170 1832 1227 et
1871 1145 2277 1229 Dominum
2320 1151 2691 1250 Fratrem,

485 1257 904 1335 Ladislaum
934 1258 1444 1363 Praepositum
1475 1252 1912 1335 Monasterii
1950 1257 2043 1338 de
2072 1258 2341 1364 Saagb,
2376 1276 2452 1335 et
2491 1263 2691 1337 Con·

486 1384 795 1461 uentum
827 1364 978 1441 loci
1021 1364 1392 1459 eiusdem,
1448 1366 1961 1467 praesentibus
2004 1395 2100 1445 ex
2148 1368 2420 1459 altera,
2474 1368 2686 1443 iuxta

483 1474 1019 1558 continentiam
1056 1472 1364 1547 aliarum
1402 1470 1783 1548 literarum
1832 1493 2248 1550 nostrarum
2272 1547 2282 1559 Α,
2309 1499 2687 1578 proroga-

480 1581 850 1656 toriarum
893 1578 1298 1655 tredecima
1338 1576 1460 1653 die
1517 1581 1790 1655 mensis
1838 1577 2209 1677 Januarii,
2263 1579 2684 1683 Religiosus

477 1689 597 1764 vir
619 1688 879 1764 Frater
924 1686 1189 1768 Paulus
1236 1682 1765 1761 Conuentualis
1795 1684 1892 1766 de
1932 1683 2462 1791 eadem—Saagh
2500 1714 2680 1765 cum

195 1893 205 1902 η
304 1792 315 1810 ’
396 1825 406 1829 ·
474 1790 706 1874 literis
728 1791 1263 1874 procuratoriis
1294 1788 1444 1866 loci
1487 1791 1859 1886 eiusdem,
1894 1812 1969 1870 et
2001 1824 2143 1900 pro
2179 1795 2382 1872 dicto
2423 1801 2681 1873 autem

472 1897 903 2006 Praeposito
950 1895 1124 1977 cum
1182 1901 1686 1976 Instrumento
1744 1900 2098 2005 publico,
2169 1897 2354 1979 hora
2402 1924 2676 1977 causa-
2723 1961 2728 1964 Α

388 2089 400 2095 Δ,
469 2035 665 2102 rum,
710 2008 926 2115 factis
958 2009 1311 2120 vesperis,
1347 2007 1429 2081 in
1471 2022 1804 2081 nostram
1841 2006 2316 2087 Judiciariam
2359 2010 2672 2084 venien-

314 2145 315 2152 *
414 2187 417 2192 Α
470 2114 571 2191 do
598 2116 1133 2220 praesentiam,
1189 2132 1267 2189 et
1301 2112 1658 2218 quasdam
1712 2114 2112 2217 scripturas
2163 2116 2329 2216 loco
2378 2118 2672 2192 rescri-

463 2221 870 2326 ptionis'ad
920 2215 1259 2310 libellum
1319 2248 1460 2325 pro
1514 2238 1727 2328 parte
1780 2219 2149 2300 dictorum
2206 2217 2389 2299 Prae
2446 2224 2670 2320 ositi,

462 2327 807 2424 Lectori,
864 2327 1205 2421 Custodi,
1262 2329 1567 2404 Cantori
1605 2346 1683 2403 et
1714 2327 2061 2432 Capitulo
2101 2326 2343 2406 dictae
2390 2252 2667 2405 Eccle-

463 2440 614 2531 siae
655 2433 1105 2540 strigonien.
1140 2462 1285 2540 pro
1330 2426 1606 2537 quibus
1661 2438 2025 2511 Dominus
2063 2436 2122 2510 F
2124 2432 2498 2521 ranciscus
2531 2436 2672 2514 Ar·-

463 2542 946 2623 chidiaconus
987 2561 1063 2619 et
1102 2542 1525 2629 Canonicus
1566 2540 1899 2631 eiusdem
1945 2541 2322 2620 Ecclesiae
2360 2536 2666 2647 Strig‘o-

458 2652 660 2727 nien.
719 2676 895 2751 cum
942 2650 1330 2753 sufficienti
1366 2649 1919 2752 procurationis
1970 2651 2330 2728 mandato
2384 2653 2664 2742 astitit,

456 2758 535 2839 in
573 2758 620 2833 J
628 2756 874 2835 udicio
914 2750 1254 2838 exhibuit
1294 2772 1385 2831 et.
1420 2750 1799 2859 produxit.
1859 2754 2152 2844 Quibus
2206 2759 2315 2834 sie
2361 2758 2670 2863 produ·-

458 2868 592 2949 ‹ztis
624 2863 824 2945 idem
857 2864 1317 2967 Procurator
1349 2859 1667 2967 Capituli
1709 2881 1854 2938 tam
1894 2883 2156 2941 contra
2193 2866 2438 2971 ipsum
2482 2864 2664 2943 Pro·-

459 2974 825 3071 curatoris
859 2969 1329 3063 mandatum,
1383 2970 1614 3075 ipsius
1645 2971 2118 3069 ConuentuS‚
2159 2966 2384 3075 quam
2427 2973 2660 3072 etiam

457 3098 725 3169 contra
765 3074 1198 3183 praeteritas
1252 3079 1654 3183 scripturas
1711 3066 1881 3153 loco
1942 3068 2500 3188 rescriptionis,
2573 3097 2663 3156 vt

456 3189 986 3291 praemittitur,
1022 3180 1465 3288 productas,
1501 3184 1942 3289 excipiendo
1979 3180 2368 3291 allegauitJ
2410 3184 2661 3291 ipsum

457 3294 886 3389 mandatum
922 3314 1078 3367 non
1114 3318 1272 3391 esse
1305 3290 1672 3366 sufficiens
1718 3288 2200 3388 mandatum‚--
2241 3288 2321 3368 et
2352 3291 2441 3368 ad
2479 3295 2657 3370 rari-

457 3392 855 3500 ficand'um·
893 3416 1095 3473 actus
1150 3394 1383 3474 factos
1434 3415 1511 3473 et
1557 3394 1839 3475 flendos
1883 3398 1959 3471 in
2020 3400 2455 3505 ipsa-causa
2483 3453 2506 3494 ‚
2563 3424 2656 3476 ac

456 3506 631 3593 alias
668 3498 763 3581 ad
791 3502 1352 3583 contestandum
1409 3503 1613 3580 litem
1674 3507 1749 3579 in
1806 3500 2047 3580 forma
2096 3508 2297 3582 iuris.
2335 3500 2652 3597 'Quibus

462 3614 831 3720 perceptis
858 3610 1099 3687 dictus
1140 3613 1398 3711 Frater
1431 3612 1698 3688 Paulus
1732 3612 2122 3712 replicauit
2165 3641 2258 3689 ex
2289 3612 2646 3711 aduerso:

460 3721 669 3824 quod
707 3722 951 3826 ipsum
991 3718 1419 3806 mandatum
1455 3736 1648 3807 esset
1693 3721 2057 3795 sufficiens
2096 3737 2175 3796 et
2226 3747 2382 3798 non
2439 3720 2656 3797 indi-

458 3828 667 3933 ge‘ret
706 3829 1182 3932 expressione
1223 3826 1571 3902 Fratrum
1627 3826 2247 3905 Conuentualium
2299 3843 2379 3903 et
2422 3831 2650 3907 etiam

454 3963 591 4012 sua
630 3936 1017 4039 responsio
1074 3950 1265 4010 esset
1302 3935 1684 4011 sufficiens.
1743 3930 1902 4009 Nos
1940 3933 2206 4011 auditis
2257 3934 2648 4014 huiusmo-

458 4030 532 4118 di
612 4038 1270 4146 disceptationibus
1305 4098 1326 4135 ‚
1392 4067 1559 4127 seu,
1590 4041 2192 4144 allegationibus..
2257 4041 2647 4121 'dictorum

463 4146 1079 4274 procuratorum,
1133 4148 1375 4253 ipsam
1427 4172 1721 4228 causam
1775 4148 1872 4224 'ad
1930 4142 2196 4229 horam
2257 4154 2648 4263 causarum

2015 4296 2018 4301 .
2243 4298 2250 4309 ,
2403 4276 2432 4297 ·.
2517 4266 2532 4319 2
