2926 4849
2124 438 2312 504 „63¹

245 637 505 714 sedulo
550 665 1076 746 perageretur,
1132 665 1298 730 tam.
1326 644 1620 723 diuinae
1662 675 1889 749 quam
1927 635 2293 756 humanae⁴
2333 648 2431 720 le·

243 749 357 848 gis
410 765 774 852 precepto
818 750 1205 855 dispositas
1231 772 1381 844 ,et
1409 755 1776 829 institutas
1802 812 1824 847 ,
1880 753 1973 828 de
2024 752 2268 828 viliori
2308 771 2436 827 aut

247 855 543 931 abiecto
569 912 589 946 ,
625 871 751 930 aut
791 884 925 960 per
970 861 1299 934 torcular
1342 877 1675 936 extracto
1701 917 1721 951 ,
1758 880 1832 935 et
1868 890 2019 936 non
2065 860 2158 937 de
2200 860 2466 948 bono„

247 963 326 1034 in
368 959 579 1035 doliis
621 978 969 1058 extruso,
1026 986 1271 1044 musto
1315 971 1647 1070 ipsorum
1702 966 2035 1044 Plebanis
2094 964 2439 1043 extrada-

213 1151 216 1154 Δ
245 1087 415 1144 rent
451 1085 525 1141 et
563 1071 1090 1170 persoluerent‚
1125 1076 1377 1168 immo,
1418 1063 1626 1175 quod
1668 1073 1989 1150 deterius
2021 1094 2173 1166 est,
2204 1067 2433 1148 et‘ne·

241 1174 419 1248 dum
460 1176 956 1276 horrendum,
1035 1180 1165 1253 sed
1226 1198 1302 1254 et
1363 1180 1810 1285 stupendum
1872 1181 2241 1274 auditori,
2307 1177 2450 1252 ali--

242 1286 371 1383 qui
409 1309 499 1356 ex
541 1282 787 1374 vohis,
824 1313 918 1360 ex
958 1287 1277 1386 quadam
1298 1290 1868 1389 praesumtionis
1891 1287 2190 1372 audacia
2210 1303 2285 1361 et
2319 1303 2432 1362 re·

219 1388 587 1467 -bellionis
632 1393 1090 1484 temeritate,
1148 1391 1571 1468 huiusmodi
1633 1414 2000 1486 mustum,
2079 1391 2171 1466 ad
2231 1391 2425 1468 solu·

239 1499 521 1572 tionem
579 1491 1690 1576 memoratarumdecimarum'
1740 1499 2049 1595 cedenS,
2130 1517 2208 1575 et
2274 1526 2422 1574 non

237 1629 491 1677 veram
532 1623 605 1676 et
640 1605 905 1681 iustam
947 1607 1308 1682 decimam
1343 1625 1649 1710 partem,
1685 1604 1813 1681 sed
1857 1625 2166 1697 tantum,
2202 1634 2428 1710 quan·

239 1724 403 1784 tum
449 1707 742 1802 volunt,
798 1715 873 1786 in
921 1716 1252 1817 ipsorum
1294 1711 1508 1789 doliis
1547 1713 2067 1816 imponerent,
2127 1732 2200 1788 et
2260 1730 2427 1788 ante

236 1821 753 1921 promontoria
805 1822 1105 1895 suarum
1174 1823 1556 1895 vinearum
1612 1819 2163 1921 relinquerent,
2221 1821 2424 1918 quod

241 1925 538 1998 tandem
581 1952 622 1996 a
665 1927 1081 2029 pastoribus
1115 1946 1192 2004 et
1233 1928 1388 2002 aliis
1425 1926 1806 2001 maleuolis
1859 1929 2425 2030 deportaretur,

229 2049 311 2109 et
341 2044 753 2132 raperetur,
805 2033 1420 2133 notificarentq'ue
1453 2032 1667 2110 dictis
1701 2030 2065 2138 plebanis,
2103 2059 2179 2118 se
2219 2031 2419 2107 deci-

233 2165 394 2212 mas
443 2162 710 2216 eorum
771 2142 845 2213 in
905 2143 1137 2217 vineis
1192 2140 1614 2243 reliquisse.
1674 2158 1750 2216 et
1794 2143 1860 2215 si
1911 2165 2049 2244 per
2096 2138 2422 2215 triduum

165 2303 176 2308 a
228 2244 649 2320 huiusmodi
731 2263 1047 2323 mustum
1113 2245 1467 2322 decimale
1546 2274 1681 2348 per
1738 2272 2015 2338 eorum·
2061 2232 2424 2324 Plebanos

228 2375 387 2424 non
432 2352 1283 2457 importaretur-„iidem
1324 2352 1724 2456 fingentes,
1780 2380 1856 2429 se
1893 2352 2108 2430 doliis
2139 2355 2285 2429 suis
2317 2357 2419 2428 in·

229 2455 527 2560 digere,
612 2464 856 2563 ipsum
913 2482 1235 2538 mustum
1268 2462 1733 2547 effunderent
1767 2465 1838 2535 in
1890 2479 2182 2537 terram.
2246 2463 2419 2536 Pro-

224 2584 526 2669 pterea,
583 2568 787 2671 quod
847 2572 907 2643 si
962 2569 1232 2645 talibus
1286 2568 1699 2645 insolentiis
1746 2568 2025 2643 salubri
2062 2568 2417 2668 ¹remedio

227 2698 384 2746 non
432 2674 906 2768 obuiaretur,
961 2679 1222 2782 vtique
1264 2679 1570 2781 possetis
1610 2674 1840 2749 diuini
1892 2676 2147 2751 iudicii
2200 2676 2453 2751 vltio-.

200 2804 404 2881 ,nem
446 2799 702 2855 contra
748 2806 880 2856 vos
918 2800 992 2856 et
1031 2802 1365 2859 vestrum
1415 2781 1829 2885 quemlibet
1863 2782 2139 2885 absque
2184 2780 2415 2861 dubio
2526 2780 2531 2786 ’

219 2912 663 2990 prouocare.
729 2890 1036 2964 Vosmet
1094 2892 1234 2993 ipsi
1282 2907 1522 2964 tamen
1573 2915 1927 2992 pensare,
2008 2904 2084 2963 et
2136 2906 2415 2964 attente
2462 2884 2489 2901 χ

219 2992 696 3069 considerare
737 2997 1119 3100 poteritis,
1178 2994 1429 3094 quod,
1490 2997 1551 3069 si
1598 2995 1765 3096 quis
1819 3019 1989 3069 suas
2046 2995 2409 3095 decimas,

217 3127 404 3202 quas
442 3099 762 3201 quilibet
803 3129 1022 3177 verus
1065 3100 1499 3180 christicola
1531 3125 1624 3174 ex
1672 3097 1964 3174 diuinae
2006 3100 2181 3202 legis
2218 3103 2412 3175 insti-

220 3212 512 3283 tutione
558 3208 653 3282 de
692 3210 1039 3312 primitiis
1083 3236 1336 3285 rerum
1383 3234 1678 3283 suarum
1728 3208 2073 3282 ministris
2125 3208 2356 3309 ipsius
2390 3264 2412 3299 ,

218 3315 298 3388 in
335 3320 541 3391 cuius
593 3317 1113 3416 patrimonium
1151 3318 1549 3420 deputatae
1589 3332 1802 3405 sunt,
1860 3331 1934 3387 et
1991 3313 2410 3401 institutae,

219 3441 502 3524 quanto
536 3423 763 3498 modo
810 3425 1104 3519 meliori
1139 3424 1598 3527 persoluerit
1619 3477 1639 3512 ,
1676 3437 1881 3496 tanto
1924 3423 2157 3494 maius
2201 3447 2406 3521 prae‘

217 3528 451 3604 mium
492 3529 587 3602 ab
626 3533 960 3606 omnium
1002 3529 1400 3623 Creatore,
1429 3553 1602 3630 ‘nec
1635 3528 2058 3621 immerite,
2118 3526 2412 3604 obtine-

187 3633 350 3717 bit.
401 3635 622 3711 Vnde
661 3662 840 3729 nos,
881 3638 1013 3737 qui
1049 3663 1143 3712 ex
1185 3638 1470 3729 officio,
1529 3631 1744 3709 nobis
1776 3632 1871 3707 ab
1915 3634 2060 3709 alto
2108 3659 2409 3708 conces-

208 3766 336 3834 80,
393 3742 898 3818 Ecclesiarum
936 3744 1075 3820 Dei
1109 3759 1183 3818 et
1212 3759 1657 3818 cunctorum
1687 3741 2407 3847 ministrorum'eiuS,

210 3873 311 3921 ne
335 3850 407 3922 in
442 3849 693 3950 aliquo
729 3854 1216 3954 peripsorum
1243 3866 1748 3954 prouentuum
1791 3844 2360 3939 diminutionem
2385 3901 2442 3936 „

218 3952 463 4031 cultus
498 3954 794 4032 diuinus
833 3954 1321 4060 impediatur,
1377 3955 1649 4029 fuimus
1687 3980 2019 4056 semper,
2077 3969 2303 4054 prout.
2335 3970 2410 4026 et

209 4083 465 4136 sumus
503 4061 596 4136 de
626 4064 1030 4166 praesenti,
1088 4080 1291 4139 tutor
1333 4079 1410 4136 et
1437 4076 1838 4160 ‘protector
1874 4060 2210 4165 specialis
2240 4113 2264 4152 ,
2301 4101 2404 4119 --

213 4185 500 4273 vestrae
543 4178 614 4243 et
650 4170 955 4246 cuilibet
989 4187 1314 4247 vestrum
1354 4165 1681 4243 fidelitati
1719 4165 1936 4242 firmo
1983 4184 2240 4243 nostro
2280 4166 2401 4238 im·
2464 4176 2473 4183 ²
