2926 4849
78 679 283 759 :ibus
321 698 397 758 et
443 684 520 758 iu
567 676 902 787 personis
959 682 1469 789 praefatorum
1515 691 1724 768 Fauii
1769 711 1850 771 et
1911 695 2262 777 vilhelmi

76 788 438 866 lictorum
475 791 704 864 Groff
724 790 818 867 de
860 793 1188 885 Frakno‚
1244 793 1511 899 vigone
1567 796 1959 877 dictarum
1993 801 2256 880 litera.-

76 923 225 970 ·um
275 901 955 1000 procuratoriarum
1022 902 1311 977 remisit
1367 921 1445 979 et
1504 906 1914 1009 resignauit
1971 910 2255 989 eisdem

76 1027 318 1078 2oram
359 1005 579 1079 nobis
620 1002 878 1079 harum
929 1007 1310 1082 literarum
1377 1014 1801 1088 testimonio
1862 1033 1939 1093 et
1991 1016 2252 1121 vigore

74 1127 484 1186 nostrarum
544 1110 938 1188 mediante.
1040 1117 1310 1190 Datum
1384 1116 1572 1192 feria
1634 1124 1849 1196 tertia
1908 1124 2250 1226 proxima

74 1234 230 1293 >ost
263 1214 529 1293 festum
574 1217 891 1294 Paschae
939 1223 1262 1300 Domini.
1319 1223 1544 1299 Anno
1580 1227 1912 1305 eiusdem
1950 1231 2250 1310 Meu-o

74 1322 570 1399 (XXVI-of‘·
603 1324 692 1399 L.
751 1324 827 1400 S.

139 1452 230 1510 Ex
260 1430 694 1535 autiiographo
734 1448 1048 1514 camerali·

919 1714 926 1717 ,
1042 1635 1269 1713 CDX.

70 1777 372 1850 :opinatum
410 1779 695 1833 Γασίων
720 1779 1114 1849 Praepositum
1157 1783 1210 1834 8.
1246 1782 1539 1837 Benedicti
1572 1783 1637 1837 de
1671 1784 1842 1838 iuxta
1895 1784 2044 1840 Gran
2095 1804 2236 1842 eou-

243 1881 342 1922 sm
371 1886 550 1941 regan
580 1870 1022 1941 ffigismundum.
1052 1870 1280 1924 racione
1294 1874 1686 1941 possessionen
1722 1869 1861 1931 Pata
1885 1874 2042 1930 aliae
2076 1880 2237 1932 Κω-
2269 1934 2275 1941 ,

234 1960 548 2035 gulositas
607 1965 911 2037 Hungan'e
967 1976 1070 2019 aue
1125 1968 1396 2025 Cumania
1454 1968 1824 2040 confutandae
1860 1986 2233 2051 promtam

225 2056 464 2128 suine,
498 2070 831 2114 attestatur.
857 2061 948 2117 A..
972 2058 1130 2116 1436.

241 2172 399 2252 Nos
458 2177 884 2282 Capitulum
938 2178 1307 2255 Ecclesiae
1381 2178 1760 2257 Vaciensis
1825 2180 2233 2259 memoriae

68 2283 691 2362 :emmendamusz
782 2286 1006 2376 Quod
1045 2286 1279 2362 frater
1325 2285 1725 2379 Nicolaus,
1762 2358 1765 2363 ,
1820 2283 2229 2369 Monachus

66 2386 352 2467 Drdinis
379 2388 631 2468 Sancti
674 2393 1061 2470 Benedicti
1089 2392 1183 2480 ad
1216 2410 1544 2471 nostram
1588 2390 2075 2496 personaliter
2110 2422 2230 2472 ve-

66 2498 322 2574 :iendo
363 2501 849 2601 praesentiam
899 2501 975 2575 in
1020 2527 1149 2578 sua
1177 2527 1268 2576 ac
1315 2503 1617 2576 Domini
1671 2502 1947 2576 Fratris
2001 2504 2227 2584 Nico-

67 2609 184 2694 ai,
266 2607 576 2683 Abbatis
649 2610 1070 2686 monasterii
1122 2609 1352 2683 sancti
1412 2607 1800 2684 Benedicti
1870 2606 1965 2683 de
2018 2610 2225 2688 iuxta

66 2715 293 2805 ’ἐι-ου,
331 2732 420 2810 ειι
444 2714 876 2791 Conuentus
908 2715 1055 2790 loci
1094 2712 1465 2808 eiusdem,
1500 2740 1642 2791 nec
1676 2740 1829 2789 non
1870 2732 1946 2790 et
1989 2720 2224 2794 omni-

65 2844 172 2893 un
203 2820 585 2899 Abbatum
624 2838 700 2897 et
745 2823 1053 2898 fratrum
1085 2821 1701 2898 Conuentualium
1744 2821 2027 2897 ordinis
2064 2850 2223 2897 san·

66 2930 141 3002 :ti
182 2924 567 3007 Benedicti
607 2929 1063 3030 praenotati,
1119 2931 1491 3032 personis,
1539 2954 1677 3030 per
1708 2927 2005 3006 modum
2043 2929 2220 3004 Pro-

67 3035 445 3110 estationis
489 3054 564 3111 et
589 3034 1106 3141 prohibitionis
1132 3091 1152 3128 ,
1209 3032 1425 3110 nobis
1458 3031 1871 3136 significare
1904 3036 2218 3129 curauit,

66 3139 246 3244 [uod
287 3141 392 3216 vti
432 3144 802 3245 praefatus
852 3144 1208 3217 Dominus
1242 3140 1506 3215 Abbas
1532 3158 1631 3214 -et
1693 3137 1816 3212 alii
1854 3145 2216 3244 superius

66 3249 397 3322 nominati
451 3252 997 3353 percepissent,
1086 3245 1483 3340 Nicolaus,
1528 3248 1876 3322 ,Virteszi
1934 3248 2215 3341 dictus,

66 3383 113 3427 n
155 3380 282 3428 sua
321 3374 395 3431 ct
440 3358 755 3432 aliorum
817 3383 1124 3431 suorum
1181 3358 1696 3457 proximorum
1741 3357 2117 3454 personis,
2167 3382 2211 3429 a

66 3460 526 3537 ierenissimo
598 3464 943 3565 Principe
1005 3463 1330 3536 Domino
1389 3480 1646 3537 nostro
1699 3457 2210 3562 sigismundo,

66 3569 546 3645 {omanorum
587 3575 1048 3673 Imperatore
1085 3595 1379 3671 semper
1415 3569 1790 3670 Augusto,
1847 3585 1988 3646 etc.
2051 3594 2214 3668 pos-

67 3677 433 3752 essionem
476 3677 651 3753 dicti
693 3676 1120 3753 Monasterii
1173 3674 1435 3750 Sancti
1498 3674 1928 3766 Benedicti,
1991 3676 2207 3765 Pelo,

76 3779 182 3854 lio
218 3786 522 3861 nomine
562 3783 1075 3884 Kengeiszaias
1112 3803 1445 3858 vocatam
1469 3836 1495 3872 ,
1545 3785 1620 3858 in
1675 3782 2049 3860 Comitatu
2113 3780 2208 3861 de

66 3887 346 3965 tzolnok
393 3893 756 3972 exteriori
795 3916 1013 3992 supra
1052 3909 1354 3994 portum
1393 3913 1632 3988 aquae
1693 3888 2074 3994 Kengelo,
2129 3890 2208 3964 in

75 3993 405 4095 icinitate
452 3998 921 4101 possessionis
960 3997 1227 4073 Vassan
1255 4052 1278 4089 ‚
1331 4011 1405 4069 et
1445 3996 1773 4072 aliarum.
1795 3996 2196 4100 possessio·

66 4127 209 4175 ium
261 4103 536 4181 ibidem
594 4104 1125 4196 adiacentium,
1203 4102 1527 4180 habitam
1582 4120 1661 4180 et
1719 4107 2205 4198 existentem,

66 4213 532 4315 ›raecriptum
561 4212 1097 4291 Monasterium
1130 4215 1359 4287 sancti
1405 4207 1838 4302 Benedicti,
1906 4236 2004 4287 ex
2058 4208 2198 4288 do-
