2926 4849
581 466 777 573 ψ

509 675 793 761 ibidem
815 763 820 774 Ι
842 667 1189 772 fundatae
1212 725 1236 767 ,
1290 669 1366 768 in
1411 669 1785 756 vicinitate
1821 674 2068 774 curiae
2102 673 2697 778 prescriptorum

442 825 446 834 ·
511 781 903 874 Benedicti
942 796 1018 866 et
1048 776 1278 868 Pauli,
1336 773 1658 853 filiorum
1695 778 1974 874 Dauid,
2009 808 2050 853 a
2089 779 2302 886 plaga
2342 782 2698 860 occiden-

511 879 641 966 tali
673 889 1004 965 eiusdem
1048 886 1294 960 curiae
1324 880 1646 984 habitam
1689 903 1765 963 et
1796 885 2147 973 locatam.
2205 912 2377 964 cum
2407 891 2696 966 cunctis

510 989 1025 1102 ipsius'curiae
1064 985 1504 1067 vtilitatibus
1543 1009 1618 1066 et
1655 994 2113 1097 pertinentiis
2136 1049 2159 1088 ,
2214 995 2430 1070 terris
2478 995 2691 1071 scili-

513 1091 638 1180 cet
690 1099 1133 1189 arabilibus,
1202 1098 1474 1202 syluis,
1529 1099 1801 1201 pratis,
1872 1099 2342 1194 nemoribus,
2430 1104 2694 1204 aquis,

513 1196 1028 1312 aquarumque
1083 1203 1514 1302 decursibus
1548 1260 1571 1298 ,
1658 1223 1734 1281 et
1795 1207 2238 1310 generaliter
2308 1207 2698 1312 quibusuis

514 1316 991 1412 vtilitatibus,
1046 1327 1122 1387 et
1152 1309 1542 1387 vtilitatum
1578 1307 2157 1414 integritatibus,
2232 1311 2499 1417 quouis
2552 1341 2694 1390 no-

515 1425 732 1498 minis
769 1417 1138 1497 vocabulo
1196 1418 1573 1509 vocitatis,
1622 1418 2108 1495 denominatis
2153 1439 2228 1496 et
2260 1421 2640 1525 appellatis
2665 1477 2690 1516 ,

517 1530 610 1605 ad
647 1528 960 1620 eandem
993 1526 1280 1601 curiam
1320 1523 1677 1602 duntaxat
1715 1527 1953 1602 solum
1996 1519 2328 1628 vndique
2381 1527 2473 1602 de
2524 1528 2695 1604 iure

516 1634 1064 1740 spectantibus,
1121 1650 1195 1707 et
1222 1631 1798 1735 pertinentibus,
1854 1633 2072 1708 Barla
2137 1634 2291 1708 filio
2335 1633 2696 1737 Stephani

517 1742 1078 1846 dequnepeca,
1133 1733 1663 1841 Dapiferorum
1698 1740 2056 1842 regalium
2089 1740 2274 1817 Vice
2310 1738 2692 1845 Magistro,

504 1833 906 1948 etjoanni
928 1846 1262 1939 literato,
1317 1844 1531 1919 fratri
1572 1846 1900 1922 eiusdem
1927 1849 2257 1941 vterino,
2296 1845 2391 1922 de
2433 1846 2697 1930 eadem

521 1955 956 2062 Kerepeez,
1006 1955 1487 2058 ipsorumque
1532 1951 1969 2046 haeredibus
2021 1972 2096 2031 et
2145 1954 2697 2058 posteritatibus

518 2065 904 2166 Vniuersis,
927 2086 1067 2165 pro
1106 2077 1400 2137 centum
1427 2057 1726 2136 florenis
1760 2062 2425 2164 praesentis-nouae,
2438 2086 2698 2148 unone<-
2744 2073 2754 2080 ’

522 2187 639 2256 tae
664 2167 964 2271 regalis,
1018 2165 1284 2262 habitis
1321 2166 1415 2241 ab
1455 2167 1780 2261 eisdem,
1835 2169 2268 2269 etreceptis
2312 2170 2471 2243 iure
2521 2194 2695 2274 per·

521 2293 750 2381 petuo
781 2291 858 2349 et
889 2271 1485 2351 irreuocabiliter
1505 2270 1900 2369 dedissent,
1933 2274 2400 2354 tradidissent
2424 2293 2502 2353 et
2522 2303 2700 2352 ven-

524 2379 911 2477 didissent3
970 2381 1120 2454 imo
1158 2380 1701 2483 praenominati
1737 2379 2155 2485 Stephanus
2193 2402 2269 2460 et
2315 2381 2698 2478 Matthias,

521 2487 1012 2588 filijALadisllni
1046 2485 1179 2563 filii
1217 2485 1543 2562 Zovardi
1568 2537 1594 2579 ,
1648 2484 2062 2583 dederunt,
2119 2490 2584 2566 tradiderunt
2619 2505 2702 2566 et

521 2584 1022 2677 vendiderunt
1055 2609 1315 2671 nostro
1351 2593 1428 2667 in
1468 2612 1877 2696 conspeetu
1930 2594 2398 2699 possidenda,
2438 2615 2699 2674 tenen-

523 2702 658 2797 da,
713 2705 989 2806 pariter
1023 2718 1099 2775 et
1127 2697 1529 2794 -habenda,
1589 2721 2163 2804 assumpmentes
2226 2703 2704 2779 nihilominus

522 2825 600 2887 et
633 2808 1040 2910 obligantes
1076 2832 1197 2898 se,
1252 2823 1704 2884 memoratos
1746 2807 2031 2887 Barlam
2065 2828 2136 2888 et
2185 2810 2556 2889 Joannem
2597 2810 2703 2884 li-

524 2935 845 3001 teratum
869 2969 891 3007 ,
946 2911 1041 2989 de
1073 2914 1463 3018 Kerepecz
1488 2969 1509 3006 ,
1538 2918 2025 3020 ipsorumque
2068 2916 2426 2997 haeredes
2458 2916 2537 2991 in
2572 2915 2702 2992 do-

524 3023 755 3125 minio
790 3021 1033 3097 dictae
1070 3020 1344 3096 Curiae
1379 3020 1720 3098 venditae
1760 3012 1836 3097 et
1873 3041 2388 3127 perpetuatae,
2441 3038 2705 3101 contra

476 3224 482 3230 ,
526 3126 1321 3236 quoslibet,.notanter
1358 3140 1605 3221 autem
1632 3132 2232 3234 praenominatos
2273 3130 2538 3207 fratres
2578 3155 2702 3207 eo·

526 3264 699 3333 rum
714 3234 1443 3336 congenerationales
1460 3250 1537 3311 et
1549 3236 2159 3315 condiuisionales
2175 3239 2514 3341 ipsorum
2534 3262 2706 3339 pro·

525 3343 849 3448 propriis
886 3339 1261 3418 laboribus
1303 3355 1380 3417 et
1428 3346 1763 3445 expensis
1804 3368 2292 3439 conseruare,
2347 3341 2706 3421 defende-

527 3472 615 3523 re
652 3464 727 3524 et
768 3447 1165 3555 expedire3
1219 3447 1310 3523 ad
1347 3450 1557 3552 quod
1585 3453 1726 3556 ipsi
1763 3447 2176 3555 Stephanus
2221 3465 2299 3527 et
2334 3448 2707 3543 Matthias,

453 3640 458 3649 ¹
528 3553 662 3657 filii
703 3553 1029 3649 Zovardi
1083 3554 1177 3631 de
1213 3556 1646 3653 verbena,
1699 3584 1777 3634 se
1817 3575 2084 3660 sponte
2121 3558 2541 3662 obligarunt
2572 3583 2706 3633 eo-

528 3689 688 3737 ram
725 3659 939 3739 nobis
977 3664 1391 3767 patrocinio
1442 3665 1937 3769 praesentium
1978 3666 2372 3742 mediante.
2429 3667 2707 3741 Datum

527 3768 713 3873 feria
742 3786 988 3863 sexta,
1044 3772 1382 3872 proxima
1413 3790 1583 3875 post
1617 3771 1886 3848 festum
1915 3771 2494 3877 Epiphaniarum
2534 3772 2704 3847 Do·-

526 3873 733 3951 mini.
787 3869 1012 3950 Anno
1070 3875 1403 3952 eiusdem
1455 3879 1854 3959 Millesimo
1884 3936 1905 3977 ,
1976 3878 2704 3985 quadringentesimo

393 4058 400 4065 ,
529 3979 894 4085 vigesimo
926 3983 1204 4061 nono.“
1257 3983 1343 4058 L.
1399 3982 1489 4060 S.-

595 4112 705 4177 ,Ex
736 4107 988 4173 amhiuo
1020 4113 1372 4178 conuentus
1408 4112 1488 4179 de
1521 4116 1740 4181 Lelesz.
