2926 4849
578 469 736 543 ³90

373 677 376 678 ⁷
459 680 766 771 uentis,
821 679 1023 781 ipsos
1078 689 1297 752 certo
1331 677 1516 752 iuris
1551 676 1771 755 titulo
1798 679 2367 768 concernentia,
2424 674 2664 776 legiti-

389 865 392 874 ,
458 815 580 863 me
623 785 902 862 vellent
954 783 1310 879 introire3
1361 810 1589 887 super
1648 810 1803 887 quo
1834 790 2181 863 'vestram
2238 784 2677 868 Amicitiam·

430 891 970 998 ‚praesentibus
1023 890 1341 996 petimus
1396 891 1837 996 diligenter,
1894 908 2262 996 quatenus
2327 906 2659 965 vestrum

455 1002 757 1078 mittatis
791 997 1164 1074 hominem
1203 1024 1346 1100 pro
1393 1000 1817 1076 testimonio
1877 999 2024 1076 fide
2086 999 2437 1101 dignum,
2498 1021 2656 1096 quo

455 1125 840 1215 praesente
881 1107 1144 1183 Paulus
1189 1104 1281 1180 de
1324 1106 1704 1209 Potyond‚
1781 1109 1896 1183 vel
1946 1107 2207 1181 Paulus
2266 1105 2362 1200 ¹de
2426 1103 2663 1205 Vyra·

453 1214 855 1304 husberek,
909 1216 1024 1288 sin
1062 1215 1320 1292 Petrus
1352 1241 1484 1289 seu
1521 1215 1927 1316 Georgius,
1975 1229 2103 1288 aut
2142 1211 2521 1287 Ladislaus
2563 1209 2661 1287 de

454 1328 758 1414 Paztor,
814 1346 956 1397 ceu
990 1322 1206 1412 Josn,
1265 1323 1381 1396 vel
1422 1322 1660 1395 Lucas
1701 1321 1793 1395 de
1836 1319 2119 1414 Thura,
2175 1319 2337 1394 aliis
2383 1317 2662 1394 absen-

454 1431 654 1532 tibus
718 1427 946 1504 homo
1007 1447 1304 1524 noster,
1373 1426 1465 1500 ad
1524 1428 1789 1502 faciem
1828 1428 2093 1505 ‘dictae
2169 1427 2657 1532 possessionis

456 1535 744 1626 Sarod,
823 1535 1086 1610 vicinis
1151 1554 1228 1612 et
1274 1537 1809 1611 commetaneis
1869 1535 2201 1611 eiusdem
2251 1536 2658 1627 vniuersis,

453 1643 641 1721 inibi
669 1644 990 1744 legitime
1027 1643 1498 1735 conuocatis,
1532 1661 1612 1716 et
1638 1641 2160 1746 praesentibus
2196 1639 2653 1735 accedendo,

454 1747 877 1827 introducat
918 1747 1286 1852 praefatos
1322 1749 1734 1830 Dominum
1790 1748 2302 1854 Praepositum
2347 1765 2424 1821 et
2467 1773 2657 1822 cou-
2702 1795 2707 1804 ·

453 1849 855 1933 uentuinin
876 1853 1292 1934 dominium
1314 1855 1675 1944 ciusdem,
1715 1843 2131 1960 statuatque
2158 1855 2473 1930 eandem
2508 1855 2649 1930 eis-

451 1963 623 2058 dem
648 1990 818 2040 cum
854 1962 1198 2041 omnibus
1232 1965 1379 2039 suis
1405 1964 1955 2060 vtilitatibus·et
1990 1962 2453 2066 pertinentiis
2485 1960 2646 2061 qui·

449 2071 776 2149 buslibet
830 2073 1239 2173 praemisso
1293 2073 1459 2145 iure
1509 2070 1650 2145 sibi
1715 2072 2214 2155 incumbenti,
2274 2085 2648 2174 perpetuo

449 2177 976 2284 possidendas,
1032 2178 1094 2253 si
1135 2204 1287 2253 non
1333 2174 1566 2253 fuerit
1614 2178 2201 2267 contradictum3
2258 2174 2651 2251 contradi-‘-

454 2303 699 2363 ctores
732 2311 957 2378 vero,
1010 2287 1069 2360 si
1106 2286 1236 2388 qui
1272 2284 1552 2359 fuerint
1576 2339 1598 2379 ,
1658 2287 1838 2359 citet
1876 2286 2075 2387 ipsos
2114 2299 2383 2361 contra
2416 2307 2653 2358 anno-

454 2410 643 2471 tatos
684 2393 1192 2498 Praepositum
1227 2409 1304 2468 ct
1332 2390 1755 2468 Couentum
1794 2410 2125 2469 nostram
2165 2391 2243 2467 in
2287 2395 2653 2496 praesen-

453 2502 634 2577 tiam
669 2499 761 2574 ad
795 2503 1191 2576 terminum
1228 2516 1783 2600 competentem
1806 2553 1828 2592 ,
1884 2502 2252 2576 rationem
2286 2497 2654 2574 contradi·
2694 2500 2697 2503 ’

454 2608 725 2683 cnonis
771 2632 1036 2684 eorum
1069 2604 1535 2700 reddituros,
1593 2622 1669 2679 et
1724 2625 1895 2709 post
1945 2608 2091 2682 hoc
2145 2609 2473 2709 ipsarum
2527 2607 2654 2677 in-

456 2713 948 2790 troductionis
988 2729 1065 2787 et
1095 2714 1470 2788 citationis
1510 2711 1779 2789 seriem
1816 2740 1988 2789 cum
2036 2714 2468 2789 nominibus
2529 2710 2670 2785 ci··

454 2838 781 2896 tatorum
808 2877 829 2914 ,
884 2824 943 2895 si
977 2821 1111 2921 qui
1143 2819 1459 2911 fuerint,
1517 2820 1996 2923 terminoque
2036 2822 2471 2923 assignato,·
2500 2845 2652 2894 no-

454 2927 567 3004 bis
601 2927 1100 3021 amicabiliter
1150 2929 1598 3003 rescribatis.
1656 2929 1934 3001 Datum
1987 2929 2065 3001 in
2129 2927 2652 3018 Asszonfalva,

453 3034 533 3110 in
587 3030 781 3110 festo
826 3036 1233 3110 Beatorum
1289 3039 1785 3111 Innocentum
1860 3035 2319 3135 Martyrum,
2423 3034 2646 3111 An'no

453 3143 760 3216 Domini
796 3141 1199 3218 Millesimo
1222 3197 1245 3234 ‚
1291 3141 2031 3247 quadringentesimo
2067 3141 2445 3245 trigesimo
2486 3140 2648 3247 pri-

450 3251 660 3326 mo.“
1217 3268 1221 3274 “

534 3385 627 3443 Ex
669 3377 978 3442 relatoriis
1019 3376 1281 3465 capituli
1324 3379 1616 3443 sam-iens.
1693 3396 1857 3442 anno
1915 3378 2105 3442 1432.
2168 3379 2494 3444 emanatis:
2571 3391 2644 3445 vt

642 3482 823 3545 infra.
887 3478 894 3485 “
1171 3488 1176 3494 ’
1992 3486 1997 3491 ’

1380 3643 1713 3739 CLan.

444 3784 774 3841 Matthaeus
813 3788 876 3840 ds
913 3784 1154 3843 Palaet-
1207 3786 1393 3840 Iudex
1429 3786 1640 3840 Curias
1685 3787 1877 3858 ugias
1919 3787 2071 3840 liuns
2106 3785 2437 3858 longum
2483 3788 2651 3840 circa

632 3895 807 3934 mssas
831 3880 1224 3950 possessionis
1255 3880 1426 3953 Nagy
1462 3878 1668 3936 Ps'czsl
1701 3884 2018 3949 Comitatus
2056 3881 2283 3939 Stalad.
2323 3881 2537 3949 definis.
2578 3882 2645 3937 A·

638 3969 796 4028 1431.

517 4144 524 4149 .
630 4084 788 4161 Nos
835 4081 1102 4157 Comes
1147 4079 1564 4156 Matthaeus
1604 4079 1700 4154 de
1737 4080 2052 4174 Paloch,
2087 4081 2133 4153 J
2138 4080 2331 4157 udex
2371 4081 2645 4160 Curiae

429 4185 902 4309 serenissimi
944 4214 1030 4265 ac
1076 4186 1451 4293 Magnifici
1485 4186 1849 4291 Principis
1890 4188 2194 4267 Domini
2218 4186 2641 4293 Sigismun-
