2926 4849
618 431 770 503 208

498 636 697 716 tibus
750 636 950 714 bona
1010 636 1453 716 habentibus
1474 695 1498 736 ,
1566 660 1646 717 vt
1690 656 1965 718 -statuto
2017 666 2095 715 se
2154 637 2654 717 accomodent
2677 694 2700 733 ,

497 746 833 848 alioquin
893 743 1156 821 iisdem
1224 748 1486 823 litteris
1563 745 1905 842 mandat,
1983 749 2414 823 Hermanno
2472 747 2707 822 totius

500 850 942 929 Sclauoniae
972 851 1184 927 Bano
1207 908 1232 945 ,
1290 869 1372 929 vt
1408 881 1537 932 eos
1571 857 1989 960 compellat.
2083 857 2356 929 Datum
2397 854 2709 951 Tyr-na-

502 962 664 1037 uiae
714 958 1108 1036 Dominica
1144 957 1429 1037 Judica.
1500 963 1726 1039 Anno
1773 963 2081 1038 Domini
2120 958 2650 1035 MCDXXX.“

587 1083 707 1172 Ap.
735 1083 1119 1149 Kercbelich·
1159 1085 1312 1148 nist.
1335 1092 1487 1171 app·
1524 1089 1782 1175 Zagrab.
1820 1110 1882 1174 p.
1910 1092 2187 1153 164—5.
2218 1092 2329 1150 ‘Ex
2358 1085 2708 1172 praemissis

699 1203 872 1279 patet
908 1193 1230 1278 quartinos
1273 1192 1390 1257 bos
1438 1217 1637 1259 nouos
1654 1235 1676 1267 ‚
1721 1219 1829 1260 seu
1874 1220 2054 1259 vnam
2105 1206 2387 1280 quartam
2450 1189 2704 1258 maioris

698 1296 931 1361 denarii
965 1298 1213 1361 nouiter
1247 1299 1410 1376 cusi,
1455 1302 1677 1364 nostris
1713 1301 2010 1379 denariis,
2055 1301 2220 1364 haud
2258 1301 2497 1388 pridem
2523 1312 2703 1365 extra

698 1424 871 1465 vnum
922 1401 1165 1484 positis,
1244 1412 1517 1486 quatuor
1571 1403 2039 1488 aequivaluisse3
2120 1415 2370 1469 centum
2420 1405 2713 1469 denarios

702 1525 854 1568 vero
900 1504 1192 1580 maiores,
1255 1504 1501 1569 florenis
1550 1519 1819 1591 quatuor
1856 1520 2138 1572 monetae
2182 1509 2672 1572 conuentionalis
2688 1552 2709 1584 ,

631 1652 634 1655 ι
702 1628 814 1671 seu
856 1604 1091 1671 floreno
1117 1608 1309 1688 -auri3
1367 1610 1612 1692 qualem
1665 1611 1938 1675 valorem
1989 1612 2241 1677 retinuit
2267 1612 2538 1677 florenus
2571 1611 2713 1675 auri

703 1736 896 1801 vsqae
926 1718 1154 1782 Mariae
1179 1716 1508 1783 Theresiae
1548 1722 1856 1804 Augustae
1894 1730 2190 1807 tempora.

1451 1910 1460 1921 ³
1514 1887 1720 1980 LXI.

490 2030 905 2105 *Sigiaemundus
942 2002 1015 2084 Β..
1052 2035 1128 2085 H.
1165 2048 1331 2100 super
1362 2046 1556 2100 campo
1594 2031 2070 2099 ehmeeekarmzeje
2101 2046 2301 2086 vocato
2350 2045 2713 2087 controuerso

709 2125 924 2194 inquiri
954 2140 1024 2176 ae
1071 2122 1314 2176 rescribi
1340 2121 1515 2177 iubet}
1570 2124 1639 2178 A.
1678 2122 1840 2177 1430.

715 2231 1225 2333 sigismundus
1278 2232 1420 2306 Dei
1478 2233 1712 2332 gratia
1759 2234 2273 2308 Romanorum
2318 2234 2487 2308 Rex
2528 2256 2716 2308 sem·

520 2364 662 2444 per
705 2337 1083 2440 Augustus
1121 2364 1207 2414 ac
1257 2336 1718 2441 Hungariae,
1777 2337 2221 2437 Bohemiae‚
2284 2340 2714 2431 Dalmatiae,

416 2507 423 2516 .
524 2448 858 2524 Croatiae
898 2465 1037 2520 etc.
1085 2449 1292 2536 Rex,
1348 2445 1725 2521 Fidelibus
1774 2448 1922 2523 suis
1975 2443 2402 2526 Conuentui
2452 2446 2716 2521 Eccle-

523 2556 670 2631 siae
724 2552 818 2629 de
875 2551 1096 2627 Lelez
1151 2550 1461 2629 salutem
1506 2573 1581 2626 et
1636 2557 1963 2652 gratiam.
2044 2555 2341 2629 Dicitur
2381 2553 2597 2628 nobis
2633 2552 2716 2625 in

523 2661 866 2764 personis
907 2662 1143 2756 Petri,
1201 2658 1329 2759 fily
1368 2661 1568 2734 Petri
1604 2662 1782 2735 Rufi
1821 2661 1915 2734 de
1957 2661 2385 2766 Kerepecz‚
2437 2685 2529 2740 ac
2565 2658 2718 2750 No·

525 2768 695 2842 bilis
745 2767 1108 2842 Dominae
1153 2765 1663 2868 Margaretbae
1702 2787 2047 2861 vocatae,
2104 2770 2520 2858 consortiS,
2576 2789 2719 2864 nec

530 2901 683 2949 non
702 2874 1016 2949 Ladislai
1059 2893 1136 2951 et
1169 2875 1368 2950 Petri
1414 2871 1732 2949 filiorum
1756 2933 1775 2969 ‚
1832 2903 1918 2951 ac
1951 2876 2320 2950 Elisabeth
2357 2893 2434 2949 et
2475 2874 2721 2947 Doro-

530 2977 874 3065 rotheae,
930 2980 1245 3056 filiarum
1278 2981 1612 3057 eiusdem
1651 2985 1884 3059 Petri:
1941 2983 2326 3082 quomodo
2348 2978 2724 3068 Nicolaum

532 3086 720 3163 filius
758 3090 1104 3191 Gregory
1141 3087 1234 3163 de
1256 3086 1562 3182 Eadem,
1594 3090 2059 3194 temporibus
2099 3094 2246 3164 iam
2288 3106 2487 3164 retro
2531 3085 2724 3162 actis

473 3215 476 3222 ·
534 3223 626 3271 ex
667 3221 1036 3272 consensu
1075 3213 1151 3269 et
1185 3196 1564 3270 voluntate
1602 3195 1957 3271 Johannis
1992 3195 2122 3297 fily
2163 3195 2483 3272 Ladislai
2507 3251 2529 3287 ,
2569 3194 2727 3267 Pe-

534 3306 630 3378 tri
674 3302 860 3392 dicti„
891 3301 1261 3402 Zunyogh
1304 3301 1575 3394 debiavn
1624 3303 2268 3406 dictaKerepecz,
2325 3299 2729 3402 quemdam

537 3435 882 3510 campum
944 3406 1325 3484 Chwettka
1397 3411 1707 3510 Mezeye
1750 3429 2130 3500 vocatam,
2187 3409 2283 3485 de
2326 3437 2477 3513 quo
2514 3406 2730 3482 scili-

538 3535 657 3591 eet
706 3518 848 3618 ipsi
900 3516 1121 3590 P-etro
1178 3514 1458 3592 directa
1505 3533 1582 3589 et
1633 3516 1966 3619 aequalis
2028 3520 2276 3620 portio
2328 3516 2727 3616 prouenire

539 3623 854 3697 deberet
914 3620 1128 3696 simul
1180 3649 1352 3696 cum
1415 3620 1572 3697 aliis
1625 3628 1771 3698 suis
1829 3618 2532 3714 terrisarabilibuS,
2588 3646 2730 3724 per

541 3733 928 3805 transitum
968 3728 1347 3804 cuiusdam
1383 3728 1634 3830 syluae
1670 3734 1938 3830 Rozyu
1982 3734 2219 3806 Berek
2264 3748 2564 3805 vocatae
2600 3725 2734 3801 ad·-

540 3836 994 3927 iacentibuS,
1053 3838 1288 3910 minus
1337 3837 1568 3930 iuste,
1628 3855 1704 3913 et
1751 3839 2122 3933 indebite,
2180 3831 2318 3912 sibi
2368 3838 2541 3939 ipsis
2585 3860 2736 3909 oc-

545 3942 887 4046 cupando
911 3999 935 4032 ,
993 3942 1268 4018 nullam
1305 3947 1597 4047 partem
1634 3973 1762 4022 seu
1800 3948 2223 4050 portionem
2263 3946 2537 4021 eisdem
2564 3941 2737 4016 Ex-

543 4049 996 4154 ponentibus
1030 4050 1123 4124 de
1155 4053 1625 4156 praescriptis
1656 4055 1935 4153 campis
1976 4070 2053 4128 et
2086 4055 2300 4129 terris
2330 4049 2741 4131 arabilibus

546 4155 763 4256 dare,
817 4174 892 4237 et
931 4160 1294 4265 assignare
1326 4178 1698 4258 curasset,
1753 4186 1893 4236 nec
1931 4180 2225 4239 curaret
2265 4159 2357 4239 de
2396 4183 2738 4268 praesen-
2774 4159 2777 4162 ’
