2926 4849
2228 511 2325 579 93

238 712 483 789 medio
559 714 878 793 aliorum
941 714 1439 817 assurgendo,
1526 713 1918 816 proposuit
2000 741 2096 789 eo
2158 718 2427 798 modOss

238 819 435 922 quod
474 848 651 898 cum
693 823 968 923 piscina
1015 822 1270 899 Zsitua
1322 847 1416 897 ex
1462 837 1776 921 vtraque
1818 836 2073 925 parte,
2133 842 2208 898 et
2249 825 2422 902 foe-

155 973 162 980 ·
240 926 404 1001 nilia
439 929 518 1002 in
561 929 825 1006 eadem
859 928 1265 1005 adiacentia
1290 984 1313 1024 ,
1366 955 1539 1004 cum
1585 930 1731 1002 suis
1768 926 2114 1018 omnibus
2153 928 2431 1007 vtilita-

239 1033 425 1109 tibus
465 1052 545 1113 et
585 1036 799 1113 metis
823 1038 1310 1142 possessionis
1353 1034 1651 1128 Wirth,
1709 1058 1948 1136 vsque
1988 1051 2219 1109 metas
2250 1065 2423 1140 pos·

226 1143 577 1220 sessionis
641 1149 794 1238 Isa,
891 1170 1186 1247 semper
1248 1160 1327 1219 et
1385 1139 1481 1218 ab
1536 1143 1847 1244 antiquo
1904 1143 2423 1247 praedecesso·

221 1277 393 1342 rum
455 1277 764 1328 suorum
817 1249 1111 1344 fuisset,
1168 1267 1254 1326 et.
1302 1277 1437 1354 per
1487 1274 1950 1350 consequens
1994 1274 2124 1325 sua
2179 1270 2368 1328 esset
2398 1309 2419 1346 ,

220 1374 296 1431 et
331 1355 477 1432 boc
516 1359 703 1435 Vice
758 1360 1070 1456 comiti,
1126 1355 1517 1432 Judicibus
1568 1355 1978 1448 nobilium,
2034 1371 2112 1430 et
2145 1354 2419 1433 Juratis

218 1463 731 1542 Assessoribus
811 1465 996 1541 dicti
1068 1466 1478 1543 Comitatus
1546 1461 2171 1544 Comaromiensis
2237 1491 2416 1540 con-

215 1588 445 1648 staret
488 1572 928 1677 euidenter,
984 1572 1402 1675 supplicans
1434 1588 1752 1649 nostrae
1807 1570 2173 1644 Maiestati
2244 1599 2416 1647 cum

217 1676 560 1753 instantia
582 1734 605 1772 ,
663 1699 744 1755 vt
773 1679 970 1755 idem
1001 1679 1529 1776 Vice·Comes,
1582 1678 1880 1754 Iudices
1914 1675 2302 1753 Nobilium
2338 1697 2414 1756 et

215 1785 461 1860 Jurati
511 1788 990 1871 Assessores‚
1084 1785 1380 1888 qualem
1447 1783 1542 1862 de
1604 1785 2018 1891 praemissis
2087 1786 2407 1878 scirent,

218 1918 356 1994 per
400 1920 538 1967 nos
570 1896 949 1998 requisiti,
991 1892 1402 1969 faterentur
1435 1894 1840 1988 veritatem.
1898 1892 2240 1992 Cumque
2275 1919 2412 1970 nos

216 1999 522 2075 eosdem
573 2001 1174 2077 Vice-Comitem
1200 2058 1219 2094 ‚
1254 2002 1298 2074 J
1305 2000 1556 2075 udices
1590 1998 1974 2075 Nobilium
2003 2050 2027 2094 ,
2081 1998 2127 2068 J
2133 2014 2411 2074 uratos-

217 2133 364 2207 que
425 2108 860 2185 Assessores
895 2135 1120 2213 super
1153 2108 1563 2210 praemissis
1601 2107 2005 2210 requisitos
2043 2099 2407 2179 habuisse-

140 2289 147 2296 ,
213 2239 418 2302 mus,
475 2215 695 2292 iidem
734 2216 825 2291 ad
862 2214 1086 2291 fidem
1122 2242 1298 2290 vere
1324 2217 1490 2289 Deo
1526 2210 1890 2302 debitam,
1934 2206 2403 2287 fidelitatem·
2503 2243 2510 2262 ·

216 2348 361 2423 que
398 2322 619 2397 nobis
662 2342 736 2418 et
793 2349 1005 2400 sacro
1047 2322 1437 2412 diademati
1501 2339 1759 2397 nostro
1822 2318 2405 2414 obseruandam,

210 2453 351 2528 pro
400 2429 713 2505 dicenda
753 2434 1113 2525 veritate,
1166 2448 1243 2507 et
1298 2430 1575 2507 iustitia
1621 2423 2132 2520 obseruanda,
2189 2424 2403 2529 sacro

209 2534 602 2614 diademati
647 2537 1041 2615 Maiestatis
1088 2539 1334 2640 regio,
1389 2536 1611 2635 nobis
1655 2536 2120 2641 praestitam,
2174 2560 2402 2638 prae-

208 2645 425 2718 missa
475 2643 738 2720 eodem
793 2644 1059 2738 modo,
1122 2647 1308 2720 sicut
1349 2672 1488 2750 per
1545 2640 1961 2747 praefatum
2009 2636 2396 2715 Nicolaum

208 2752 588 2853 proposita
628 2768 840 2844 sunt,
879 2749 1117 2828 fuisse
1147 2809 1167 2845 ,
1223 2769 1298 2827 et
1343 2777 1502 2826 esse
1553 2748 1875 2825 vnanimi
1917 2762 1995 2824 et
2041 2746 2399 2824 concordi

209 2856 717 2934 testificatione
762 2863 1234 2935 affirmarunt.
1323 2861 1411 2932 In
1463 2859 1676 2934 cuius
1713 2854 2134 2931 assertionis
2180 2856 2395 2932 testi-

212 2965 541 3040 monium
593 2970 1019 3067 'praesentes
1081 2966 1367 3042 Literas
1421 2982 1712 3039 nostras
1769 2961 2013 3038 eidem
2081 2961 2395 3038 Nicolao

217 3070 546 3149 duximus
587 3072 1119 3149 concedendas.
1194 3074 1472 3148 Datum
1505 3070 1675 3146 XII.
1720 3068 1839 3144 die
1882 3070 2392 3170 congregatio-

209 3179 324 3251 nis
373 3197 659 3255 nostrae
700 3183 1236 3285 praescriptae,
1291 3180 1367 3253 in
1427 3178 1599 3254 loco
1640 3174 2087 3252 memoratol
2167 3177 2394 3252 Anno
2444 3270 2453 3281 Ι
2516 3270 2518 3273 v

208 3283 507 3362 Domini
549 3287 938 3364 millesimo
958 3339 979 3377 ,
1036 3283 1807 3391 quadringentesimo,
1862 3282 2225 3388 vigesimo
2261 3309 2392 3359 no·

202 3418 322 3467 no.
404 3391 829 3496 Regnorum
870 3411 1297 3470 nostrorum
1336 3419 1534 3469 anno
1570 3391 1996 3493 Hungariae
2043 3386 2391 3483 videlicet

201 3497 460 3576 XLIII.
495 3501 1003 3578 Romanorum
1045 3498 1256 3575 XIX.
1300 3516 1373 3575 et
1419 3497 1818 3588 Bobemiae
1853 3499 2044 3574 1Χ.“
2097 3494 2180 3569 L.
2220 3492 2297 3572 S.
2364 3582 2369 3588 ,

279 3635 368 3694 Ex
401 3631 693 3716 originali.
1431 3686 1436 3691 ,
2483 3660 2488 3669 ·

168 3738 178 3750 ’
661 3761 667 3766 ’
1164 3760 1169 3766 ’
1233 3774 1358 3848 vt.

193 3916 338 3976 Idem
373 3915 769 3990 Sigismundm
799 3886 1174 3971 Ohaholianis
1205 3933 1361 3971 omne
1393 3919 1488 3971 ius
1520 3933 1680 3970 suum
1708 3914 1942 3986 regium,
1979 3916 2129 3988 quod
2156 3916 2221 3969 in
2242 3930 2386 3986 poa-

380 4006 734 4062 seuz’om'bus
770 4002 954 4062 eorum
991 4006 1220 4062 haberet
1235 4046 1253 4075 ,
1294 4008 1360 4061 in
1383 4007 1690 4077 praernieam
1721 4007 1913 4059 donat.
1936 4000 2028 4059 Ἀ.
2071 4003 2232 4060 1429.

377 4122 534 4201 Nos
568 4122 1088 4232 sigismundus·
1112 4141 1253 4199 etc.
1314 4119 1729 4198 Memoriae
1775 4117 2380 4226 commendamus

204 4266 295 4285 —
329 4231 529 4332 quod
566 4273 676 4291 —
711 4231 1008 4310 attentis
1054 4249 1131 4306 et
1175 4228 1564 4313 recensitis
1618 4227 2097 4305 fidelitatibus
2134 4266 2238 4285 --
2270 4262 2399 4283 --
