2926 4849
2115 492 2255 559 781

172 697 274 771 do
330 695 853 789 conficiendis,
910 715 1108 776 tanta
1154 710 1232 772 et
1285 713 1430 771 tam
1475 694 1885 772 indubitata
1925 697 2101 773 fidei
2155 701 2373 775 certi·

169 801 355 879 tudo
391 803 614 907 plene
659 804 1126 895 adhibeatur,
1186 821 1462 905 quanta
1504 803 1758 905 sigillis
1807 820 1883 878 et
1923 803 2146 882 literis
2184 808 2374 880 alia·-
2424 794 2429 801 ’

171 935 341 985 rum
413 910 800 1008 ciuitatum
853 930 1266 989 nostrarum
1326 910 1723 986 liberarum
1781 909 2219 1007 adhibetur3
2277 937 2375 987 ex
2448 928 2459 939 “

169 1013 747 1092 habundantior-i
802 1019 1105 1120 insuper
1170 1012 1643 1119 plenitudine·
1681 1036 1931 1094 nostre
1988 1018 2375 1119 potestatis

174 1127 525 1227 pretactis
563 1125 874 1214 ciuibus,
917 1122 1331 1229 hospitibus
1371 1141 1446 1198 et
1478 1125 1786 1215 incolis,
1851 1150 1937 1199 ac
1985 1130 2120 1201 toti
2170 1150 2374 1201 com-

176 1231 518 1305 munitati
553 1230 784 1333 ipsius
833 1230 1160 1307 Ciuitatis
1204 1249 1456 1306 nostre
1502 1231 1964 1307 Posoniensis
2008 1232 2372 1308 concedi-

179 1360 348 1408 mus
388 1354 467 1413 et
501 1336 1435 1439 presentibus‘elargimur,
1497 1355 1575 1411 vt
1603 1337 1745 1442 ipsi
1781 1355 1858 1413 et
1898 1363 2163 1413 eorum
2204 1337 2375 1415 hae·

177 1441 401 1527 redes
455 1470 544 1518 ac
607 1469 1067 1522 successores
1123 1445 1452 1518 vniuersi
1514 1445 1931 1549 predictum
1990 1444 2210 1549 sigilli
2265 1446 2373 1520 si-

182 1551 579 1653 gnaculum
619 1579 661 1622 a
714 1550 943 1627 modo
996 1554 1071 1626 in
1125 1566 1509 1653 posterum
1556 1577 1697 1654 pro
1759 1552 2019 1633 armis,
2074 1579 2205 1629 seu
2246 1554 2387 1625 ιιι-ἐ

180 1682 476 1741 morum
510 1657 925 1759 insignibus
972 1661 1048 1733 in
1096 1654 1422 1749 vexillis,
1481 1657 1700 1749 velis,
1755 1660 2094 1752 cortinis,
2150 1663 2374 1762 papi-

179 1762 554 1855 lionibus,
605 1765 764 1838 siue
811 1766 1183 1847 tentoriis,
1240 1780 1317 1837 et
1346 1764 1507 1839 aliis
1541 1763 1928 1866 quibusuis
1967 1769 2374 1865 exercitys,

179 1871 400 1973 ipsis,
475 1895 891 1972 eorumque
945 1871 1167 1948 statui
1231 1869 1849 1946 conuenientibus
1901 1897 2203 1972 gerere,
2288 1899 2374 1947 ac

159 1975 462 2055 „eisdem
523 1978 670 2067 vti,
729 1975 925 2070 frui,
982 1996 1058 2054 et
1105 1974 1470 2077 gaudere,
1526 1978 1863 2065 valeant,
1920 1997 2146 2078 atque
2195 2005 2376 2081 pos·-

180 2083 353 2163 sint.
430 2078 822 2160 Gaudeant
853 2089 1105 2185 itaque
1143 2082 1369 2183 ydem
1406 2085 1654 2186 gracia
1692 2100 1769 2157 et
1815 2085 2075 2162 fauore
2118 2085 2377 2159 Caesa-

183 2215 320 2266 reo
372 2208 599 2292 atque
653 2191 908 2293 regio,
977 2192 1398 2293 meritoque
1453 2190 1831 2282 exultent,
1888 2210 1964 2267 et
2010 2190 2376 2283 letentur,

183 2315 543 2397 tantoque
581 2298 920 2402 ampliori
959 2294 1206 2373 studio
1231 2352 1276 2388 ,κ
1308 2295 1405 2370 ad
1447 2295 1812 2393 honorem
1848 2317 1926 2372 et
1958 2298 2378 2374 reuerenci·

183 2430 308 2480 am
369 2404 858 2509 principantis
903 2403 1276 2508 dignitatis
1320 2430 1587 2478 eorum
1641 2404 1719 2479 in
1759 2424 2143 2508 posterum
2188 2404 2377 2481 soli-

184 2511 402 2587 detur
457 2513 827 2604 intencio,
897 2530 1194 2612 quanto
1249 2536 1332 2586 se
1380 2512 1479 2586 ab
1526 2511 1940 2589 Excellenti
2001 2511 2378 2617 Imperiali

181 2634 430 2723 atque·
493 2620 719 2720 regali
785 2617 1173 2694 antidotho
1211 2627 1641 2721 ‘preuentos
1706 2621 2232 2722 conspiciunt,
2302 2638 2381 2695 et

183 2751 497 2804 munere
527 2726 975 2830 graciarum.
1050 2727 1134 2800 In
1187 2728 1402 2802 cuius
1448 2728 1559 2801 rei
1595 2729 2077 2821 memoriam,
2133 2725 2378 2801 firmi-

182 2850 570 2935 tatemque
613 2853 1095 2937 perpetuam,
1149 2850 1531 2934 presentes
1582 2836 2086 2910 concessimus
2131 2833 2380 2908 literas

183 2957 509 3024 nostras,
567 2943 746 3016 noui
778 2937 1157 3043 dupplicis
1198 2933 1615 3012 authentici>
1638 2939 1855 3042 sigilli
1890 2944 2164 3032 nostri,
2225 2965 2381 3041 quo

184 3046 293 3124 vti
328 3073 461 3121 rex
510 3046 888 3149 Hungarie
941 3048 1234 3122 vtimur.
1265 3044 1673 3119 munimine
1732 3044 2142 3122 roboratas.
2232 3047 2381 3120 Da·

183 3170 348 3230 tum
387 3180 527 3256 per
568 3179 827 3230 manus
887 3148 1352 3228 Venerabilis
1402 3150 1708 3225 Domini
1751 3148 2025 3226 Mathie
2080 3150 2175 3226 de
2224 3154 2385 3227 Ga·
2531 3245 2535 3254 .

182 3258 581 3353 thalowcz,
642 3260 1030 3365 Prepesiti¹
1073 3254 1403 3333 Ecclesie
1471 3257 2420 3360 Quinque-Ecclesiensis„

182 3366 378 3442 Aule
415 3382 668 3443 nostre
704 3368 975 3441 summi
1015 3362 1492 3465 Cancellary,
1553 3364 1787 3442 fidelis
1834 3367 2070 3440 nostri
2106 3365 2385 3457 dilecti,

185 3473 410 3548 Anno
452 3474 760 3550 Domini
798 3471 1373 3547 MCDXXXVI.
1416 3469 1705 3548 Octauo
1739 3472 1902 3548 idus
1951 3471 2389 3550 mensis-lu·

188 3578 317 3674 lii,
377 3582 817 3681 Regnorum
857 3596 1285 3655 nostrorum
1319 3605 1516 3652 anno
1540 3580 1962 3684 Hungariae
1992 3597 2134 3655 etc.
2177 3580 2391 3681 quin-

191 3688 667 3790 quagesimo,
725 3689 1247 3763 Romanorum
1298 3685 1656 3787 vigesimo
1711 3705 1962 3779 sexto,
2035 3684 2389 3763 Bohemie

191 3792 613 3889 sedecimO,
666 3793 982 3898 Imperii
1033 3815 1213 3870 vero
1261 3796 1607 3893 quarto.“
1664 3793 2395 3869 Venerabilibus.·-
2474 3857 2477 3862 .

197 3916 281 3975 vt
332 3927 576 4004 supra.

292 4031 354 4088 ln
409 4030 606 4113 capite
657 4027 997 4111 scriptum:
1072 4025 1364 4101 „Relatio
1424 4031 1742 4110 Laurency
1798 4026 1877 4088 de
1938 4027 2389 4105 Hedrchwaar,

399 4120 671 4219 Magist'ri
709 4141 1093 4218 Agazonurn‚
1138 4141 1201 4192 et
1239 4126 1538 4220 Stephani
1590 4131 1669 4195 de
1721 4135 1902 4217 Aranj
1939 4136 2187 4198 Comitis
2230 4141 2393 4198 Neu-

400 4236 745 4319 gradiensis.
810 4242 895 4301 Ex
925 4238 1048 4321 ipsa
1082 4235 1439 4301 membrana
1478 4234 1777 4319 originali.

1820 4369 1881 4388 „j
