2926 4849
1989 486 2137 556 889

102 692 573 769 'ninersorum
598 690 937 769 notitiam
971 690 1466 792 praesentium
1495 691 1688 766 serie
1710 690 2050 769 volumus
2082 720 2247 795 per·

102 802 355 876 uenire:
412 796 622 900 quod
660 824 794 874 nos
821 798 1069 874 literas
1117 795 1583 877 serenissimi
1619 799 1987 900 Principis
2018 798 2249 899 Sigis-

102 902 363 995 nunffi,
416 906 566 993 Dei,
607 911 836 1009 gratia
883 907 1405 985 Romanorum
1457 907 1988 1009 Imperatoris,
2043 931 2247 981 sem-

102 1032 209 1088 ier
246 1014 589 1116 Augusti,
642 1039 728 1089 ac
768 1013 1229 1117 Hungariae,
1292 1009 1683 1089 Bobemiae
1705 1068 1729 1108 ,
1771 1012 2245 1107 Dalmatiae,

102 1119 408 1197 :ronti-e
466 1136 581 1197 etc
640 1120 908 1227 Regis,
988 1119 1292 1195 Domini
1336 1119 1572 1195 nostri
1604 1120 1948 1222 gratiosi,
1998 1120 2251 1196 intro-

102 1225 487 1303 luctoriam
525 1245 602 1303 et
632 1229 1051 1306 statutorias
1073 1281 1097 1321 ,
1152 1225 1372 1303 nobis
1426 1229 1949 1333 praeceptorie
1996 1242 2247 1303 trans—

102 1335 362 1427 nissas,
428 1360 716 1410 summa
767 1362 933 1412 cum
981 1334 1407 1411 reuerentia
1456 1338 1878 1437 recepimus
1935 1335 2012 1409 in
2066 1332 2253 1417 haec

102 1440 339 1537 rerba:
396 1440 911 1545 sigismundus
959 1439 1068 1538 (vt
1174 1443 1463 1517 roxime
1502 1437 1781 1549 supra).
1837 1438 2055 1521 Vnde
2111 1462 2253 1517 nos

102 1546 429 1625 nandatis
477 1551 707 1650 ipsius
765 1548 1063 1626 Domini
1118 1469 1604 1652 fmperatoris
1675 1574 1971 1652 semper
2041 1562 2119 1622 et
2169 1547 2253 1620 in

102 1654 424 1733 >mnibus
481 1655 1006 1759 obtemperare
1043 1657 1427 1756 cupientes
1456 1711 1482 1752 ,
1538 1673 1618 1732 vt
1664 1673 2049 1746 tenemur,
2103 1676 2253 1727 vna

102 1788 249 1837 :um
287 1764 620 1867 praefato
657 1764 896 1854 Frank
933 1761 1028 1840 de
1061 1763 1261 1839 dicta
1292 1762 1657 1867 Chygler.
1713 1762 2010 1838 homine
2059 1761 2253 1836 eius·

102 1867 290 1966 lem,
344 1889 682 1963 nostrum
731 1871 1105 1949 bominem
1124 1925 1147 1964 ,
1202 1869 1551 1948 videlicet
1581 1867 2097 1950 honorabilem
2133 1866 2267 1942 vi·-
2390 1950 2391 1953 Ἴ

102 2002 289 2071 νοω,
361 1978 793 2081 Magistrum
841 1975 1261 2059 Ladislaum
1319 1976 1415 2053 de
1481 1978 1718 2054 Teten
1743 2032 1765 2071 ,
1834 1973 2125 2055 socium
2177 1989 2257 2050 et

102 2084 683 2161 3oncanonicum
722 2102 1060 2162 nostrum
1085 2141 1108 2180 ,
1178 2083 1272 2161 ‘ad
1310 2085 1712 2188 praemissa
1744 2081 2059 2159 fideliter
2094 2105 2262 2184 per·

102 2189 386 2267 icienda
426 2206 684 2269 nostro
728 2218 871 2295 pro
910 2193 1330 2283 testimonio
1363 2192 1888 2268 transmisimus
1941 2183 2087 2262 fide
2133 2186 2275 2261 di-

102 2325 328 2398 gnum.
387 2300 537 2389 Qui
581 2294 871 2374 tandem
910 2296 1181 2376 exinde
1225 2298 1316 2374 ad
1354 2325 1492 2374 nos
1527 2300 1809 2375 reuersi
1848 2293 2260 2370 vniformi-

102 2432 198 2481 ;er
238 2405 696 2492 retulerunt,
751 2435 846 2484 eo
886 2403 1155 2482 m'odo:
1217 2404 1440 2496 Quod
1496 2406 1641 2511 ipsi
1683 2404 1763 2479 in
1823 2399 2013 2478 festo
2066 2398 2264 2477 beati

102 2505 635 2591 Bai-tholomaei
679 2511 1061 2619 Apostoli,
1117 2515 1463 2620 proxime
1496 2513 1901 2619 praeterito
1933 2563 1959 2602 ,
2013 2507 2105 2582 ad
2141 2503 2261 2581 fa-

102 2620 278 2697 :iem
332 2621 829 2726 praescriptae
889 2621 1373 2722 possessionis
1436 2622 1720 2724 Tymar
1769 2635 2078 2693 vocatae
2105 2670 2129 2710 ,
2185 2616 2265 2689 in

102 2726 295 2806 licto
364 2731 740 2807 Comitatu
796 2727 1102 2806 Albensi
1150 2729 1559 2824 existentis,
1623 2724 1955 2813 habitae,
2009 2722 2268 2798 vicinis

102 2852 164 2910 at
200 2836 727 2928 commetaneis
754 2831 1087 2912 eiusdem
1120 2837 1514 2928 vniuersis,
1552 2830 1901 2910 videlicet
1930 2830 1979 2912 J
1979 2826 2268 2903 ohanne

102 2941 363 3040 Vinze,
418 2941 512 3018 de
538 2938 1069 3045 Zenthgyurcb
1094 2996 1116 3035 ,
1173 2937 1541 3015 Michaele
1580 2937 1676 3015 de
1721 2935 1941 3030 Mor,
1979 2951 2058 3010 et
2089 2931 2272 3008 San·
2360 2981 2369 2991 ·

102 3048 307 3126 lrino
350 3048 445 3126 de
483 3045 790 3140 eodem,
841 3072 931 3123 ac
985 3048 1351 3150 Gregorio
1391 3046 1548 3122 Tak
1578 3044 1682 3121 'dc
1716 3041 2078 3143 Sykator,
2131 3041 2268 3114 Pe·

102 3181 205 3232 zro
249 3155 352 3233 de
393 3155 637 3257 Veleg
660 3211 684 3248 ,
742 3155 1030 3230 Joanne
1063 3155 1157 3230 de
1211 3152 1445 3248 Alba,
1520 3150 1853 3253 Georgio
1906 3146 2150 3222 Terck
2196 3161 2274 3221 et
2374 3171 2385 3184 ’

102 3260 431 3341 Iohanne
461 3262 557 3340 de
596 3262 952 3339 Tewekes
971 3317 994 3356 ,
1045 3260 1229 3337 inibi
1263 3260 1590 3364 legitime
1630 3256 1908 3335 vocatis
1944 3271 2023 3331 et
2063 3276 2272 3357 prae·

102 3369 423 3447 tentibus
462 3369 976 3464 accessissent,
1030 3384 1109 3445 et
1145 3369 1515 3474 praefatus
1566 3366 1791 3442 homo
1823 3361 2053 3467 ipsius
2112 3358 2276 3433 Do-

102 3477 274 3558 mini
318 3478 559 3556 nostri
598 3473 1071 3579 Imperatoris
1103 3530 1126 3566 ,
1180 3493 1571 3581 praesente
1622 3477 1791 3579 ipso
1845 3466 2271 3545 testimonio

102 3601 387 3679 nostro,
443 3584 566 3659 die
613 3580 987 3658 ineadem
1024 3580 1439 3688 praefatum
1472 3581 1948 3658 Conuentum
2002 3573 2278 3652 Cruci·
2332 3643 2339 3650 .

102 3687 426 3769 ferorum
463 3687 561 3770 de
600 3686 797 3764 Alba
830 3687 909 3762 in
951 3686 1364 3767 dominium
1402 3687 1735 3766 eiusdem
1791 3680 2273 3786 possessionis

102 3798 367 3899 Fymar
415 3792 984 3889 introduxisset,
1068 3798 1584 3900 statuissetque
1648 3788 1967 3873 eandem
2021 3783 2273 3864 eidem

102 3905 307 3982 fimat
359 3931 537 3984 cum
573 3902 865 3980 cunctis
897 3903 1404 4008 integritatum
1433 3901 1866 3980 unitatibus
1914 3892 2281 3996 praemis-

102 4014 225 4098 zie.
298 4014 464 4090 iure
515 4010 667 4088 sibi
718 4010 1225 4106 incumbenti,
1297 4018 1669 4116 perpetuo
1725 3997 2272 4115 possidendam.

102 4119 321 4198 §Iullo
359 4116 902 4198 contradictore
932 4119 1156 4213 inibi,
1210 4143 1348 4195 nec
1387 4118 1685 4195 demum
1744 4133 2006 4195 coram
2060 4102 2282 4183 nobis

102 4241 539 4332 ³pparente.
592 4223 935 4328 legitimis
970 4243 1223 4306 tamen
1261 4223 1521 4302 diebus
1560 4241 1639 4302 et
1697 4216 1898 4302 horis
1960 4214 2039 4291 in
2094 4210 2282 4290 facie
