2926 4849
645 505 795 574 188

534 708 746 815 quod
780 711 858 784 in
895 712 1359 816 possessione
1384 707 1577 787 Ezck
1605 727 1865 788 vocata
1902 728 2049 787 tam
2081 713 2160 786 in
2195 728 2448 815 portu,
2492 735 2718 814 quam

533 819 612 893 in
666 833 884 892 terra·
925 819 1315 921 exigerent
1345 818 1724 917 ‚indirecte
1762 838 1841 894 et
1903 820 2143 893 minus
2183 825 2368 894 iuste
2409 842 2728 894 conser-

533 941 841 1001 uat-ent:
896 950 1129 1028 quare
1164 925 1323 1028 ipse
1370 924 1749 1000 Dominus¹
1777 929 1943 1001 Rex
1984 925 2344 1005 rationem
2384 926 2725 997 exactio·-

532 1033 645 1106 nis
682 1047 772 1127 et·
795 1032 1378 1107 conseruationis
1417 1031 1595 1105 dicti
1640 1032 1894 1108 tributi
1930 1031 2391 1108 ·scire=vellet
2425 1030 2518 1107 ab
2566 1033 2720 1104 eis·-

467 1166 476 1173 ·
535 1134 728 1212 dem.
799 1128 1000 1227 ¹Quo
1045 1138 1301 1213 audito
1342 1138 1786 1215 Laurentius
1820 1141 2185 1216 Literatus
2224 1136 2318 1212 de
2357 1136 2728 1238 Kaymath

530 1270 675 1349 pro
717 1243 991 1320 eisdem
1042 1245 1341 1320 Abbate
1383 1272 1476 1320 eo
1520 1244 1917 1321 Conuentu
1959 1271 2126 1319 cum
2189 1245 2724 1348 procuratoriis

529 1351 759 1426 literis
821 1352 1260 1426 eorumdem
1315 1353 1391 1425 in
1450 1351 1784 1454 ipsorum
1842 1353 2215 1428 Banorum
2262 1348 2722 1451 exui-gendo

525 1459 1023 1562 praesentiam
1057 1456 1555 1562 respondisset
1597 1460 1720 1533 tali
1747 1458 2009 1534 modo:
2057 1457 2263 1557 quod
2303 1460 2722 1559 praelatum

507 1563 895 1655 'tributum
937 1569 1016 1639 in
1055 1563 1245 1641 dicta
1280 1566 1471 1640 Ezek
1526 1569 1719 1669 exigi
1755 1584 2190 1641 consuetum
2225 1594 2361 1668 per
2419 1562 2722 1665 praefa-

530 1686 647 1745 tos
676 1667 1049 1747 Abbatem
1092 1690 1168 1747 et
1216 1671 1691 1748 Conuentum
1732 1677 1917 1747 iuste
1944 1694 2036 1748 ·et
2093 1672 2418 1774 legitime
2455 1672 2721 1772 exige·
2754 1714 2759 1721 -

525 1794 773 1872 retur,
841 1805 1016 1854 nam
1071 1779 1293 1881 ydem
1357 1775 1608 1854 Abbas
1657 1799 1733 1854 et
1783 1781 2212 1853 Conuentus
2262 1807 2491 1881 super
2554 1781 2718 1880 ipso

439 1948 447 1966 .
526 1883 813 1960 tributo
873 1884 1121 1961 literas
1171 1882 1581 1984 haberent3
1636 1905 1713 1960 et
1759 1884 2034 1960 ibidem
2085 1886 2162 1959 in
2216 1883 2487 1960 horum
2535 1910 2717 1957 ver-

527 1988 802 2067 borum
843 2017 1146 2068 suorum
1191 1991 1763 2069 declarationem
1800 1994 2061 2068 literas
2090 1992 2388 2067 Domini
2431 1987 2717 2063 Henri·

526 2098 642 2188 ci,‘
676 2097 853 2171 olim
886 2098 1077 2199 regis
1115 2100 1576 2202 Hungariae‚
1637 2100 1869 2177 felicis
1917 2100 2502 2174 reminiscentiae
2545 2097 2718 2199 pri-

525 2203 900 2307 uilegiales
937 2205 1078 2280 sub
1114 2232 1369 2307 grosso
1404 2224 1479 2279 et
1528 2204 1853 2282 rotundo
1907 2233 2039 2283 suo
2076 2206 2353 2307 sigillo,
2376 2228 2381 2237 ·
2404 2208 2479 2278 in
2516 2229 2714 2304 qua·
2758 2252 2765 2255 ,

526 2326 701 2385 tuor
758 2308 937 2385 locis
1000 2334 1240 2414 penes·
1274 2313 1715 2415 imaginem,
1770 2313 2004 2417 sigillo
2055 2314 2130 2386 in
2199 2308 2466 2386 eodem
2500 2311 2714 2385 vscul-

523 2435 767 2522 ptam3
839 2445 980 2520 pro
1039 2421 1249 2520 signo
1313 2418 1894 2497 confirmationis
1951 2438 2239 2496 secreto
2298 2417 2532 2520 sigillo
2569 2444 2711 2514 suo

523 2529 995 2626 consignato,
1050 2525 1275 2601 Anno
1327 2531 1605 2630 gratiae
1642 2525 2038 2618 Millesimo
2077 2528 2480 2603 centesimo
2505 2579 2527 2617 ‚
2581 2550 2711 2599 no-

491 2630 903 2731 'nagesimo
967 2634 1221 2725 se'xsso,
1303 2652 1707 2719 emanatas,
1786 2633 2309 2711 confirmantes
2375 2630 2713 2708 salubres

520 2735 982 2814 donationes.
1009 2756 1087 2814 et
1135 2740 1568 2816 collationes
1608 2740 1850 2817 eidem
1895 2741 2269 2818 Ecclesiae
2321 2738 2414 2816 de
2454 2739 2719 2816 czika-.

524 2842 668 2917 dor
729 2870 869 2947 per
951 2847 1112 2947 pios
1190 2871 1403 2947 reges
1475 2848 1934 2951 Hungariae„
2023 2849 2359 2948 Geysam·
2423 2846 2713 2921 scilicet

524 2949 822 3038 Auum,
871 2947 1530 3056 stephanumque,
1587 2971 1662 3031 et
1712 2954 1957 3031 Belem
2011 2972 2338 3058 patrem,
2395 2951 2709 3064 praede·

521 3067 853 3133 cessores
891 3059 1250 3136 videlicet
1307 3085 1526 3153 suos,
1576 3075 1853 3165 reges,
1935 3063 2197 3145 factas,
2269 3055 2710 3135 eorumdem

525 3161 905 3240 Banorum
972 3149 1360 3242 obtulisset
1406 3171 1877 3273 conspectui3
1944 3173 2020 3242 in
2091 3167 2385 3273 quibus·
2421 3166 2712 3242 scilicet

525 3269 755 3374 ipsius
800 3271 1103 3346 Domini
1158 3273 1470 3349 Henrici
1520 3280 1711 3376 regis
1768 3275 1976 3349 litera
2026 3273 2465 3379 priuilegiali
2509 3273 2710 3347 inter

524 3395 816 3453 caetera
856 3377 1015 3452 talis
1041 3378 1358 3454 clausula
1387 3381 1688 3456 inuenta
1713 3375 2003 3455 fuisset:
2033 3380 2441 3457 Statuimus
2460 3381 2708 3472 etiam,

521 3500 603 3559 vt
652 3485 1368 3585 Hysmaelitiae
1428 3489 1583 3561 vel
1641 3489 2100 3587 Bysseni‚
2153 3486 2276 3561 vel
2314 3489 2707 3562 cuiuscum-

522 3615 674 3692 que
739 3592 1182 3667 cond'rtionis
1219 3591 1576 3669 homines
1638 3597 1829 3688 sint,
1885 3597 1959 3668 in
2022 3612 2182 3670 toto
2240 3594 2438 3667 Ezek
2494 3591 2569 3668 et
2626 3593 2709 3665 in

522 3695 869 3772 omnibus
921 3698 1284 3803 ‘portubus
1344 3722 1648 3793 eorum,
1721 3700 1853 3800 qui
1900 3695 2012 3774 ad
2069 3694 2381 3778 eosdem·
2416 3699 2712 3774 Fratres

518 3803 904 3905 pertinent
932 3862 956 3896 ,
1016 3804 1427 3902 tributum,
1475 3808 1684 3881 omni
1716 3810 2421 3886 remota'occasione
2447 3835 2491 3900 ,·
2524 3830 2714 3909 per-

518 3908 828 3986 soluant.
926 3911 1224 4001 Quibus
1258 3910 1564 4011 quidem
1598 3911 2267 4010 literisexhibitis,
2311 3914 2486 4019 ipsis
2527 3914 2713 3989 Pro·

521 4034 753 4092 curat.
811 4018 1162 4116 videl-icet
1191 4018 1527 4095 “Domini
1564 4020 2015 4125 sigismundi
2053 4022 2286 4124 regis,
2342 4047 2430 4097 ac
2469 4045 2714 4095 anno-

518 4139 838 4199 tatorum
882 4121 1246 4203 Abbatiae
1291 4145 1368 4203 et
1414 4127 1839 4205 Conuentus
1894 4153 2036 4233 per
2068 4126 2368 4204 eosdem
2410 4127 2711 4204 Petrum

517 4228 719 4308 cheb
742 4287 762 4325 ‚
820 4248 899 4308 et
934 4233 1398 4340 Stephanum
1446 4235 1691 4314 Banos
1740 4237 1820 4312 in
1862 4235 2287 4341 praemissis
2332 4237 2537 4313 Juris
2580 4259 2715 4312 ao—
