2926 4849
601 455 664 464 o·—

835 612 840 619 ι

610 799 991 873 vargina·
1019 798 1287 870 nugo»,
1339 778 1783 855 eomu‘roeon.
1820 796 2074 853 nitrien.
2107 806 2162 848 u
2206 796 2773 866 anon-..mgn-

772 896 1060 967 gau’om
1082 910 1263 965 propo
1300 894 1604 948 Iam-inum
1642 892 1900 948 ceurae.
1960 892 2027 946 A·
2068 885 2232 945 143⁷.

744 1000 937 1081 :Nos
978 1005 1347 1107 Georgius
1387 1000 1482 1078 de
1523 1004 1831 1103 Bozgon
1874 1000 2418 1075 intercaetera
2467 1000 2761 1078 Posoni·

539 1156 542 1161 -
587 1108 840 1199 entis,
883 1112 1270 1187 Nitriensis
1317 1120 1402 1187 et'
1435 1108 2058 1189 Comaromiensis
2096 1105 2607 1183 comitatuum
2639 1111 2763 1185 co-

587 1239 767 1297 mes.
875 1218 1282 1295 Memoriae
1341 1215 1993 1293 commendamus:
2047 1213 2268 1304 Quod
2301 1215 2385 1287 in
2436 1240 2761 1320 congre-

585 1324 882 1423 gatione
921 1342 1177 1401 nostra
1235 1321 1565 1429 generali
1601 1321 2058 1398 vniuersitati
2104 1320 2504 1398 Nobilium
2563 1341 2644 1398 et
2680 1324 2762 1397 nl·

588 1429 814 1506 terius
841 1430 1162 1507 cuiusuis
1197 1450 1419 1507 status
1466 1444 1545 1504 et
1583 1428 2024 1505 conditionis
2060 1426 2479 1504 Comitatus
2518 1429 2740 1504 Jauri·

585 1536 782 1612 ensis
840 1536 1269 1633 hominum,
1357 1537 1453 1612 de
1519 1535 1818 1640 speciali
1877 1538 2395 1610 commissione
2464 1534 2755 1613 Domini

583 1644 817 1718 nostri
858 1641 1350 1747 sigismundi,
1399 1641 1543 1718 Dei
1588 1642 1823 1748 gratia
1861 1642 2372 1717 Romanorum
2415 1643 2760 1746 Impert-

582 1753 764 1851 toris
837 1776 1131 1856 semper
1200 1751 1558 1854 Augusti,
1639 1777 1725 1826 ac
1777 1748 2239 1848 Hungariae‚
2315 1747 2765 1846 Bobemiae,

580 1856 1041 1950 Dalmaciae,
1113 1861 1448 1935 Croatiae
1488 1873 1623 1931 etc.
1666 1857 1927 1960 Regis,
1974 1854 2159 1930 feria
2210 1873 2486 1958 quarta
2534 1862 2767 1959 proxi·

578 1987 698 2037 ma
754 1982 923 2039 ante
960 1965 1228 2045 festum
1281 1967 1543 2040 Beatae
1587 1960 2094 2064 Margarethae
2116 1961 2448 2064 Virginis
2479 1954 2579 2040 'et
2600 1965 2772 2041 Μαι·-

579 2070 1037 2174 tyris-prope
1076 2074 1450 2146 ciuitatem
1488 2071 1951 2145 Jauriensem
1979 2066 2396 2160 celebrata,
2440 2072 2769 2174 Religio-

577 2200 703 2253 ωε
740 2179 854 2252 vir
900 2179 1257 2254 Dominus
1295 2177 1956 2253 Frater¹Antonius
2013 2177 2485 2278 praepositus
2526 2182 2768 2255 Eccle-

567 2283 734 2358 siae·
767 2281 862 2358 de
915 2281 1248 2377 Chorna,
1302 2310 1429 2361 sua
1486 2301 1564 2359 et
1612 2282 2039 2357 Conuentus
2115 2282 2259 2357 loci
2282 2280 2645 2359 eiusdem
2700 2290 2765 2361 in

559 2388 913 2495 <personis
943 2380 1343 2468 <ie-medio
1388 2390 1702 2467 aliorum
1761 2385 2191 2492 exurgendo
2230 2395 2653 2494 proposuit
2689 2421 2766 2469 eo

573 2497 838 2600 modo:
893 2499 1320 2593 Quomodo·
1349 2529 1392 2576 a
1433 2497 1901 2604 temporibus
1945 2499 2294 2573 diuorum
2331 2524 2620 2601 regum
2666 2527 2760 2577 vs-

573 2628 724 2706 que
759 2602 852 2677 ad
904 2603 1088 2680 baec
1146 2625 1482 2710 tempora
1528 2607 1856 2706 regimen
1900 2631 2030 2700 seu
2072 2599 2431 2678 iudicium
2491 2612 2758 2683 montis

570 2710 956 2784 vinearum
1016 2715 1092 2786 in
1162 2715 1543 2790 territorio
1594 2712 2065 2815 possessionis
2092 2735 2097 2740 ·
2123 2711 2337 2818 Nagy
2387 2713 2755 2816 Barathy‚

573 2816 906 2892 existent.
949 2809 1041 2892 ἶθι
1083 2817 1362 2896 denarii
1401 2818 1755 2924 sigillares
1789 2838 2130 2920 tempore
2172 2816 2756 2914 vindemiarum,
2858 2843 2864 2966 Ι

569 2949 613 2998 a
660 2917 1197 3010 deducentibus
1241 2927 1633 3021 vinorum,
1689 2953 1920 3030 vsque
1960 2923 2237 3026 festum·
2266 2922 2533 3002 Sancti
2574 2930 2759 3004 Mar-

569 3021 1034 3135 tinicxigere
1074 3032 1330 3132 solitis,
1386 3058 1760 3133 nunquam
1800 3033 2228 3138 praeposito
2258 3031 2354 3108 de
2388 3031 2756 3124 Thurocz,

569 3154 697 3212 aut
728 3135 1095 3237 aliquibus
1133 3139 1292 3214 aliis
1311 3181 1352 3233 ,·
1394 3143 1536 3216 nisi
1578 3142 2039 3245 Praeposito·
2070 3157 2147 3213 et
2192 3138 2632 3234 Conuentui
2672 3139 2755 3214 de

571 3244 942 3342 praedicta
988 3244 1288 3322 Chorna
1340 3248 1903 3352 pertinuissent,
1961 3261 2038 3321 et
2093 3246 2481 3348 pertinere
2526 3246 2755 3324 debe·

564 3368 751 3424 rent.
807 3352 901 3427 Et
933 3352 1074 3427 hoc
1111 3354 1298 3429 Vice
1341 3357 1608 3432 Comes
1631 3411 1652 3447 ,
1694 3352 1937 3432 Judex
1972 3353 2355 3427 Nobilium
2392 3357 2750 3458 praescri·

565 3456 673 3558 pti
705 3457 1125 3533 Comitatus
1162 3462 1486 3537 Jaurien.
1521 3462 1943 3565 Juratisque
1988 3455 2541 3553 Assessoribus,
2582 3487 2743 3537 con-

564 3568 1010 3667 gregationis
1060 3567 1506 3659 antedictae,
1570 3584 1944 3645 constaret
2001 3561 2414 3641 euidenter.
2500 3569 2735 3642 Peneus

564 3695 728 3743 nos·
759 3669 1010 3747 debita
1075 3698 1252 3748 cum
1309 3659 2064 3778 instantiwpre'cum,
2125 3689 2199 3748 et
2246 3671 2479 3774 ydem
2542 3674 2738 3746 Vice-

563 3769 867 3871 Gomes,
924 3778 1226 3854 Judiees
1267 3781 1687 3882 Nobilium,
1725 3795 1811 3857 et'
1851 3781 2081 3856 Iurati
2125 3781 2550 3856 Assessores
2582 3806 2739 3884 qus·
2858 3767 2859 3780 ἵ

561 3880 704 3956 lem
747 3883 841 3958 dc
903 3890 1316 3985 praemissis
1368 3890 1879 3992 scirent,··per
1920 3911 2054 3963 nos
2107 3891 2489 3984 requisiti,
2549 3885 2731 3962 fate-

558 4007 820 4065 rentur
862 3994 1267 4068 veritatem.
1309 4061 1313 4067 ,
1365 3997 1705 4100 Cumque
1754 3996 1845 4069 ad
1893 3994 2050 4067 Deo
2098 3992 2422 4070 debitam
2474 3991 2725 4084 fidem,

558 4091 1162 4203 fidelitatemque·
1187 4097 1522 4205 praefato
1590 4121 1841 4178 nostro
1881 4165 1890 4175 .
1921 4101 2270 4177 Domino,
2293 4102 2723 4204 Imperatori

558 4216 779 4302 atque
820 4205 1023 4305 regi,
1077 4231 1443 4312 sacroque
1483 4235 1619 4289 suo
1649 4211 1856 4312 regio
1896 4208 2287 4289 diademati
2340 4208 2720 4285 obseruan-
