2926 4849
635 487 836 557 ›aeto

569 699 960 794 uilitatem
982 750 1008 792 ,
1063 689 1534 771 dect-enimus
1590 686 1984 794 aedificare
2023 689 2064 766 a‘
2100 680 2766 763 fundamento‘ae-

568 803 897 881 diflcium
929 821 1003 896 et
1021 800 1430 878 Ecclesiam
1469 799 1545 873 in
1581 794 1946 876 bonorem
1985 797 2464 872 intemeratae
2486 809 2564 868 et
2587 789 2765 896 glo-

565 911 1016 1006 riosissimae
1049 909 1183 985 Dei
1272 906 1601 983 enitricis
1639 906 1729 983 V.
1786 901 1895 978 Μ.
1954 901 2057 979 ob
2084 926 2252 976 rem
2295 915 2373 976 et
2417 894 2763 975 deuotio·

569 1043 789 1110 nem,
844 1042 1068 1119 quam
1136 931 1378 1089 eiffem
1433 1015 1755 1119 gerimus
1783 1067 1807 1100 ,
1862 1006 2323 1113 supradictae
2383 1005 2785 1081 Ecclesiae-

569 1126 651 1200 Β.
707 1122 811 1198 Μ.
864 1126 953 1200 V.
1013 1124 1085 1198 in
1132 1119 1467 1197 districtu
1506 1118 1871 1211 Vinodol,
1927 1142 2165 1220 prope
2229 1131 2550 1190 castrum
2609 1138 2758 1186 uo-

567 1229 1539 1320 strum,vocatum,'1'ersatt
1563 1256 1583 1321 3
1611 1226 1688 1299 i'n
1713 1254 1860 1331 qua
1880 1222 2186 1326 quidem
2222 1220 2577 1312 Ecclesia,
2622 1243 2758 1319 per

569 1364 708 1414 nos
748 1351 1213 1426 constructa3
1271 1350 1352 1410 vt
1392 1336 1539 1409 iam
1583 1334 1864 1409 dictum
1920 1348 2070 1424 est,
2123 1329 2200 1406 in
2242 1326 2610 1410 honorem
2648 1324 2758 1407 di·

568 1468 711 1548 uae
740 1441 1071 1545 Virginis
1112 1441 1435 1531 Mariae,
1495 1439 1588 1516 ad
1636 1437 2054 1515 canendum
2103 1434 2359 1511 laudes
2418 1451 2495 1509 et
2554 1433 2759 1540 psal-

568 1575 731 1629 mos
765 1549 1265 1653 omnipotenti
1325 1550 1533 1638 Deo,
1590 1548 1664 1619 in
1723 1544 2234 1620 remissionem
2277 1558 2759 1646 peccatorum

566 1672 992 1734 nostrorum
1026 1674 1104 1731 et
1137 1678 1282 1760 pro
1322 1656 1557 1729 salute
1593 1655 1999 1727 animarum
2047 1659 2481 1744 nostrorum
2529 1672 2759 1749 prae-

568 1761 1083 1852 decessorum,
1143 1763 1569 1846 statuimus,
1633 1759 1792 1835 imo
1853 1753 2344 1833 deliberando
2403 1753 2760 1831 decerni-

564 1896 771 1961 mus,
831 1870 1030 1946 viros
1069 1865 1235 1942 Deo
1267 1868 1630 1962 deuotus,
1664 1863 1956 1941 Fratres
1991 1868 2321 1956 minores
2356 1861 2637 1939 ordinis
2670 1857 2756 1935 S.

563 1978 938 2053 Francisci
985 1961 1081 2050 de
1118 1974 1590 2050 obseruantia
1630 1972 1950 2048 vicariae
1984 1973 2317 2068 Bosnae,
2369 1968 2490 2046 cui
2540 1966 2759 2046 ordi-

564 2082 646 2159 ni
679 2109 710 2156 s
770 2081 1077 2158 ecialem
1107 2077 1952 2182 gerimus'deuotionem
1972 2106 1994 2176 3
2048 2077 2452 2181 eidemque
2484 2074 2759 2150 dictam

563 2111 969 2266 Ecclesiam
1002 2184 1531 2288 commendare
1552 2183 1985 2289 regendam,
2003 2187 2218 2262 more
2239 2182 2558 2258 aliorum
2594 2207 2757 2257 mo·

564 2292 1088 2380 nasteriorum.
1123 2292 1312 2372 dicti
1345 2291 1670 2382 ordinis,
1704 2308 1782 2368 et
1816 2319 2015 2370 nunc
2047 2310 2122 2378 et
2149 2288 2534 2396 perpetuis
2577 2306 2757 2366 tem·
2810 2299 2821 2324 ⁸

553 2398 896 2509 poribus.
947 2393 1055 2482 Vt
1091 2402 1325 2508 igitur
1366 2402 1389 2475 i
1448 2404 1509 2476 si
1546 2397 1881 2496 Fratres,
1933 2400 2010 2476 in
2073 2401 2247 2503 ipso⁴
2292 2396 2756 2473 monasterio

561 2508 952 2613 degentes,
1008 2428 1541 2613 temporalibus
1580 2503 1925 2584 subsidiis
1972 2507 2424 2582 sufficienter
2476 2503 2755 2596 adiuti,

560 2612 865 2691 liberius
905 2613 1070 2720 Deo
1129 2615 1501 2710 aet-uiant,
1555 2630 1638 2692 et
1691 2611 1923 2718 ipsius
1974 2612 2561 2691 misericordiam
2611 2637 2758 2715 pro

523 2732 528 2739 ’
561 2720 794 2797 salute
828 2721 1238 2807 animarum
1278 2737 1700 2797 nostrarum
1739 2721 2043 2798 assiduis
2086 2718 2425 2822 ipsorum
2464 2719 2759 2803 oratio-

560 2824 780 2904 nibus
812 2824 1109 2905 valeant
1149 2832 1595 2934 impetrare3
1631 2826 1773 2911 illis
1820 2853 1961 2933 pro
1998 2832 2280 2904 animae
2317 2844 2614 2903 nostrae
2643 2851 2763 2909 re·

551 2932 814 3011 *medio
856 2948 933 3010 et
975 2936 1309 3011 omnium
1346 2935 1997 3040 praedecessorum
2036 2953 2499 3026 nostrorum,
2564 2955 2760 3038 pos-

558 3040 930 3118 sessiones
964 3058 1261 3119 nostras
1301 3042 1438 3117 suh
1471 3039 1805 3149 praefato
1861 3058 2118 3118 nostro
2165 3056 2405 3117 castro
2442 3028 2762 3117 ‘Tersatt

558 3147 1110 3243 concedimus,
1160 3148 1516 3255 ponendo
1565 3169 1836 3247 metas3
1888 3147 2238 3225 videlicet
2300 3166 2467 3251 post
2523 3148 2760 3238 viam,

561 3279 734 3330 cum
774 3279 1029 3331 earum
1063 3256 1576 3359 pertinentiis»,
1631 3256 2005 3360 terrisque
2050 3253 2395 3331 videlicet
2441 3252 2758 3333 arabili·

559 3358 739 3447 bus,
794 3362 1010 3438 cultis
1040 3377 1120 3438 et
1149 3363 1485 3463 incultis,
1540 3362 1776 3467 agris,
1836 3362 2109 3468 pratis,
2163 3363 2497 3466 pascuis,
2551 3357 2758 3437 feni-

554 3463 797 3563 libus,
852 3466 1098 3563 siluis,
1151 3466 1632 3563 nemoribus,
1675 3475 1926 3575 aquis,
1982 3492 2342 3569 aquarum
2387 3466 2759 3565 diuortiis,

516 3582 522 3587 ’
555 3570 1041 3669 molendinis,
1074 3574 1686 3653 molendinorum
1717 3574 1945 3673 locis,
1984 3594 2059 3651 et
2092 3573 2541 3679 generaliter
2575 3600 2757 3651 cum

557 3678 1131 3785 quibuscunque
1170 3681 1756 3787 integritatibus,
1811 3682 2249 3769 vtilitatibus
2276 3739 2297 3778 ,
2355 3680 2752 3760 vsu'fructi·

554 3783 742 3882 bus,
813 3787 1307 3893 prouentibus
1362 3801 1443 3865 et
1496 3788 2051 3883 emolumentis,
2128 3788 2754 3896 qualitercunque

553 3892 888 3990 vocatis,
938 3894 1083 3971 sub
1136 3921 1402 3973 eorum
1437 3894 1563 3974 vel
1606 3921 1864 3976 earum
1909 3895 2112 3975 veria
2152 3896 2372 3974 metis
2418 3893 2513 3971 ad
2566 3921 2754 3974 eos-

553 3997 729 4076 dem
753 4022 897 4078 ‘seu
931 4001 1233 4080 easdem
1272 4003 1778 4111 spectantibus
1841 4021 1919 4082 et
1970 4001 2561 4109 pertinentibus,
2616 4028 2752 4081 seu

551 4123 887 4231 spectare
920 4122 998 4185 et
1040 4108 1421 4216 pertinere
1458 4108 1951 4198 debentibus.
2004 4111 2347 4217 praefato
2384 4126 2751 4189 monaste·

550 4238 670 4289 no
697 4214 779 4292 B.
819 4212 1100 4296 Mariae
1141 4214 1475 4323 Virginis
1499 4216 1807 4329 fundato
1845 4216 2089 4325 prope
2110 4215 2395 4303 dictum
2419 4234 2749 4300 castrum
