2926 4849
2181 469 2330 570 7οό

293 705 740 781 raesentium
774 763 796 800 ,
851 706 1126 812 quibus
1177 705 1484 810 expedit
1536 709 1900 797 vniuersis
1924 763 1948 801 ,
2003 711 2427 813 praesenti·—

235 729 380 886 ξω
426 828 511 887 'et
546 809 861 904 futuris,
919 810 1346 919 quodlicet
1398 815 1689 892 ratione
1734 815 1824 891 et'
1851 830 2257 919 praetextu
2297 839 2428 889 cu·

230 916 523 993 iusdam
563 920 953 997 solutionis
987 917 1502 1025 pecuniariae,
1556 948 1655 997 ex
1689 940 1899 1026 parte
1941 919 2428 998 confraterni-

231 1023 932 1103 tatis‘Sacratissimi
968 1028 1336 1132 Corporis⁴
1364 1023 1640 1104 Christi
1694 1031 1771 1102 in
1816 1028 2115 1106 Cibinio
2155 1024 2429 1104 funda-

228 1145 386 1221 tae,
444 1133 625 1209 olim
677 1132 1002 1211 Plebano
1060 1135 1140 1209 in
1205 1133 1403 1211 dicta
1456 1134 1768 1211 Cibinio
1816 1159 1903 1209 ac
1956 1133 2421 1239 Capelianis,

225 1260 372 1312 nec
427 1266 581 1314 non
632 1242 942 1317 Rectori
995 1236 1309 1317 Scholae
1368 1239 1463 1318 de
1534 1239 1831 1317 eadem*
1871 1267 2006 1348 pro
2081 1258 2423 1346 tempore

222 1346 627 1423 constituto
661 1385 774 1442 -r
799 1348 1397 1424 —institutione
1440 1347 1680 1424 debiti
1724 1359 2053 1451 propter
2080 1349 2423 1430 variatio-
2499 1381 2502 1384 ’

225 1476 400 1527 nem
429 1466 507 1529 et
532 1454 1034 1531 mutationem
1075 1473 1422 1531 monetae
1455 1455 1617 1531 lites
1656 1472 1732 1531 et
1755 1454 2227 1558 quaestiones
2265 1482 2420 1532 mo·
2457 1531 2463 1536 .

142 1565 149 1568 ’
222 1574 342 1633 tae
382 1582 519 1664 per
552 1557 956 1638 dicsretum
988 1560 1254 1670 Virum
1293 1562 1706 1638 Dominum*
1738 1559 2205 1665 Stephanum
2251 1561 2418 1637 Ple-

219 1663 500 1742 banum
548 1667 642 1743 de
676 1667 875 1743 dicta
909 1668 1210 1745 Cibioio
1240 1685 1343 1746 ·vt
1402 1672 1794 1762 Amorem,
1854 1667 2195 1744 Prouidis
2237 1670 2415 1745 viris

217 1772 553 1879 Georgio
588 1774 914 1850 Ziudran
944 1774 1212 1853 Judice
1248 1799 1338 1850 ac
1373 1774 1423 1848 J
1428 1776 1651 1851 uratis
1683 1776 1780 1853 de
1819 1774 2083 1851 eadem
2124 1776 2415 1854 Recto·
2532 1772 2536 1784 ’

215 1878 430 1956 ribus
459 1899 539 1957 et
560 1881 1202 1982 Gubernatoribus
1247 1909 1388 1986 pro
1418 1881 1615 1959 dicta
1644 1881 2257 1959 confraternitate
2292 1910 2412 1960 ve·

216 1988 358 2066 luti
422 1991 496 2062 in
564 2014 867 2064 causam
930 1991 1296 2080 attractis,
1376 2013 1635 2067 coram
1697 1987 1914 2066 nobis
1959 1987 2408 2065 iudicialiter

211 2114 462 2173 motae
504 2091 853 2190 fuissent,
907 2112 1136 2200 atque
1185 2097 1627 2191 ‚ventilatae3
1685 2121 1951 2172 verum
2006 2094 2407 2172 tamen'di-

209 2218 395 2281 ctae.
467 2220 715 2309 partes
777 2203 1116 2279 volentes
1186 2207 1632 2281 amoenitate
1699 2203 1903 2309 pacis
1987 2201 2275 2305 perfrui
2329 2203 2405 2277 in

146 2300 150 2306 ’
206 2309 593 2404 futurum,
647 2309 952 2387 obtenta
989 2327 1243 2387 nostra
1283 2307 1589 2388 licentia
1640 2308 1944 2415 speciali
1981 2310 2406 2386 interueni-

206 2436 425 2511 ente,
480 2419 748 2495 nostris
788 2416 1285 2496 dilectissimis
1323 2419 1678 2495 Discretis
1716 2417 1891 2494 viris
1928 2411 2270 2493 Dominis
2303 2416 2403 2492 de

138 2598 147 2607 ,
206 2525 518 2629 Eperies
569 2533 650 2600 et
688 2523 781 2602 de
828 2510 1188 2628 Bartphi't,
1224 2541 1323 2603 *et
1356 2522 1452 2601 de
1488 2524 1968 2631 Septemtilys
1994 2522 2401 2601 Ciuitatum

154 2623 170 2638 ⁶
202 2630 595 2724 plebanis,
661 2633 734 2705 in
810 2635 1206 2737 praemissa
1266 2656 1486 2708 causa
1515 2689 1537 2725 ‚
1610 2633 1898 2730 liteque
1962 2626 2400 2707 earumdem

199 2741 524 2844 partium
565 2763 707 2843 pro
764 2765 949 2845 pace
992 2738 1531 2844 circumspecte
1586 2737 2142 2835 laborantibus,
2193 2763 2399 2842 prae-

199 2849 464 2938 misso,
533 2863 766 2950 prout
812 2847 1095 2923 vellent
1145 2844 1389 2926 dictae
1427 2863 1686 2952 partes
1717 2871 1973 2924 amore
2009 2842 2127 2919 ad
2153 2844 2395 2927 infra·

197 2955 523 3059 scriptae
559 2955 887 3057 partium
936 2953 1482 3056 tranquillitatis
1518 2951 1985 3028 deuenerunt
2022 2965 2393 3055 perpetu-

194 3089 318 3139 am
351 3059 703 3136 vnionem
728 3116 750 3155 ,
806 3077 1034 3167 prout
1063 3056 1209 3138 hoc
1259 3085 1357 3135 ex
1395 3058 1616 3135 literis
1654 3057 2029 3134 dictorum
2077 3057 2390 3160 Georgii

191 3167 568 3260 Ziudran‚
626 3194 769 3244 nec
805 3194 960 3244 non
988 3168 1422 3243 ‚iuratorum
1440 3164 1924 3259 Consultum,
1979 3161 2026 3236 J
2032 3159 2265 3240 udicis
2296 3188 2385 3239 ac

190 3270 552 3380 Stephani
600 3274 910 3352 Plebani
948 3273 1041 3351 de
1092 3277 1237 3351 iam
1272 3272 1441 3375 ³fata
1480 3271 1778 3349 Cibinio
1823 3267 2257 3346 eorumdem
2294 3266 2385 3347 si-

186 3381 381 3486 gillis
414 3382 777 3486 sigillatis,
830 3380 1200 3489 nobisque
1240 3377 1755 3488 loquentibus,
1814 3398 1889 3453 et
1926 3376 2179 3453 coram
2230 3405 2382 3454 no-

185 3489 307 3568 bis
339 3492 822 3596 personaliter
866 3488 1247 3595 productis
1297 3488 1653 3591 liquidius
1692 3504 1768 3562 et
1805 3486 2139 3590 ,apertius
2178 3483 2381 3561 vide-

143 3614 313 3674 ,tur
348 3605 737 3702 apparere,
791 3595 1210 3674 cuiusmodi
1249 3596 1670 3671 Literarum
1710 3611 2056 3667 tenorem
2098 3608 2173 3665 et
2205 3616 2381 3670 con-

175 3708 563 3781 tinentiam
603 3704 701 3780 ad
741 3704 1181 3809 petitionem
1219 3701 1719 3808 praefatarum
1749 3701 2071 3806 partium
2112 3700 2382 3776 uostris

172 3809 444 3888 litteris
493 3811 1079 3917 priuilegialibus
1123 3812 1285 3885 sine
1332 3809 1539 3884 omni
1591 3807 2082 3882 diminutione
2140 3821 2218 3881 et
2254 3834 2376 3882 au·

178 3922 489 4022 gmento
532 3919 831 4019 aliquali
884 3919 1113 3994 inseri
1172 3935 1249 3993 et
1302 3913 1583 3992 includi
1629 3913 1940 3989 fecimus
1993 3940 2135 4018 per
2177 3911 2376 3993 hunc

176 4024 536 4102 modum:
593 4028 960 4131 Georgius
1017 4024 1347 4099 Zitidran
1396 4022 1508 4119 (vt
1553 4023 1832 4125 supra).
1906 4020 2063 4095 Nos
2116 4022 2371 4120 itaque

179 4132 396 4212 iustis
433 4152 507 4209 et
538 4135 686 4209 iuri
721 4135 1068 4210 consonis
1107 4127 1594 4236 petitionibus
1639 4127 2006 4204 dictarum
2049 4128 2374 4231 partium

170 4242 637 4344 annuentes,
694 4237 1057 4345 praefatas
1108 4240 1354 4314 literas
1395 4234 1492 4312 de
1544 4251 1620 4310 et
1671 4261 1898 4341 super
1942 4234 2140 4311 dicta
2197 4258 2370 4309 con·
