2926 4849
81 949 90 956 s
206 890 390 955 nes,
437 868 978 972 prohibitiones
1005 927 1026 963 ,
1074 896 1212 944 nec
1248 897 1396 946 non
1437 898 1477 943 a

2146 448 2294 519 58⁷

206 650 387 737 bus,
462 680 600 756 pro
684 656 1081 732 Conuentu
1143 655 1513 731 Ecclesiae
1581 648 2152 758 cruciferorum
2198 657 2411 732 Beati

203 760 409 864 regis
445 759 798 865 Stephani
837 759 931 838 de
984 763 1218 856 Alba,
1273 764 1362 838 ad
1406 765 1483 836 in
1546 763 1993 862 uisitiones„
2027 762 2409 841 euocatio-

1482 791 1541 944 ἕ
1572 873 1817 944 omnia
1855 869 2034 964 alia,
2079 895 2273 972 quae
2304 882 2407 948 ta·

207 973 402 1052 libus
430 977 504 1049 in
541 974 1012 1078 processibus
1049 977 1252 1052 iuxta
1287 973 1467 1051 dicti
1513 979 1726 1079 regni
1758 973 2401 1078 Hungariae.con·‘

206 1077 671 1156 suetudinem
717 1077 816 1157 ‘de
853 1085 1036 1158 Jure
1067 1081 1233 1160 fieri
1270 1089 1764 1173 consuerunt,
1822 1083 2159 1159 facienda
2185 1138 2206 1179 ,
2263 1107 2401 1189 per

203 1190 381 1262 anni
423 1188 780 1263 circulum
821 1181 1268 1294 generaliter
1308 1188 1493 1265 datis
1528 1207 1602 1267 et
1632 1193 1951 1291 gratiose
1990 1191 2404 1284 concessis,

205 1293 430 1370 nobis
471 1300 984 1398 praeceptorie
1021 1294 1462 1398 loquentes,
1519 1299 1722 1373 iuxta
1765 1293 2198 1388 earumdem
2234 1319 2410 1372 con-

209 1395 592 1476 tinentiam
625 1457 646 1494 ‚
702 1429 846 1475 vna
885 1429 1052 1478 cum
1100 1404 1493 1498 Valentino
1523 1457 1545 1494 ,
1598 1400 1752 1479 filio
1788 1399 2094 1479 Fabiani
2130 1404 2226 1479 de
2263 1399 2410 1500 Al<-

209 1506 355 1600 ba,
406 1506 707 1588 homine
725 1508 994 1585 Vestro
1033 1512 1240 1614 regio
1284 1512 1480 1590 i'nter
1526 1509 1709 1584 alios
1745 1508 2081 1587 homines
2126 1524 2412 1586 vestros

209 1617 457 1716 regios
485 1619 565 1690 in
597 1616 858 1717 ysdem
895 1615 1121 1693 literis
1163 1618 1421 1694 vestris
1460 1616 1900 1692 annualibus
1949 1617 2412 1717 conscriptos
2463 1651 2470 1659 ·

211 1747 595 1823 expressO,
648 1741 986 1801 nostrum
1012 1723 1414 1816 hominem,
1470 1723 1820 1802 videlicet
1847 1721 2171 1799 Blasium
2204 1719 2407 1800 Cho·
2470 1769 2475 1774 ·

209 1828 279 1904 ri
318 1828 693 1906 Ecclesiae
749 1852 1052 1907 nostrae
1095 1829 1500 1922 clericum,
1554 1826 1650 1905 ad
1698 1831 2244 1935 infrascriptam
2281 1829 2410 1903 in·-

205 1935 689 2041 'quisitionem
749 1936 1161 2015 faciendam
1218 1955 1476 2014 nostro
1552 1963 1692 2042 pro
1777 1937 2204 2015 testimonio
2259 1932 2409 2010 fide

211 2042 522 2144 dignum
565 2044 906 2120 duximus
955 2041 1515 2121 destinandum:
1568 2042 2070 2136 Quidemum
2128 2039 2410 2122 exindo

209 2146 311 2224 ad
368 2175 508 2226 nos
567 2152 853 2227 reuersi
901 2151 1118 2228 nobis
1162 2150 1632 2230 vnisormiter
1685 2149 2142 2239 retulerunt,
2194 2146 2411 2253 quod
2538 2235 2543 2262 ‘

210 2254 410 2331 idem
447 2253 673 2333 bomo
709 2275 990 2351 vester,
1045 2276 1437 2362 praesente
1470 2274 1733 2335 nostro
1780 2256 2253 2338 testimonio.
2305 2252 2414 2331 fo-

208 2365 324 2440 ria
382 2362 708 2461 secunda
760 2366 1099 2467 proxima
1137 2382 1320 2451 =ante
1368 2362 1641 2442 festum
1682 2362 2162 2443 Exultationis
2208 2358 2407 2439 San-
2446 2456 2449 2459 ,
2528 2371 2531 2376 ”

211 2489 380 2546 ctae
430 2475 688 2548 Crucis
752 2473 1094 2578 proxime
1149 2475 1672 2576 praeteritum,
1723 2472 1801 2548 in
1856 2472 2230 2549 Comitatu
2279 2466 2411 2557 Al·
2480 2490 2483 2491 ’

212 2576 426 2681 bensi
463 2577 678 2656 simul
724 2577 1205 2683 procedendo
1245 2579 1339 2655 ab
1383 2578 1731 2663 omnibus
1779 2578 2055 2685 quibus
2097 2577 2407 2654 decuis-

214 2701 332 2760 set
373 2704 449 2761 et
492 2685 866 2779 licuisset,
924 2685 1304 2765 nobilibus
1333 2684 1685 2765 videlicet
1723 2704 1800 2764 et
1837 2683 2290 2788 ignobilibus
2331 2700 2412 2763 et

212 2789 519 2870 alterius
556 2790 882 2879 cuiusuis
920 2810 1148 2871 status
1180 2812 1257 2869 et
1291 2791 1738 2870 conditionis
1790 2791 1973 2868 dicti
2003 2792 2415 2867 Comitatus

209 2898 641 2975 hominibus
693 2899 934 3002 palam
966 2918 1045 2976 et
1079 2900 1374 2976 occulte
1405 2898 1800 3002 diligenter
1844 2896 2365 3002 inuestigando
2386 2951 2414 2988 ,

217 3005 443 3082 talem
480 3006 574 3081 de
608 3004 803 3082 infra
834 3007 1123 3106 scriptis
1157 3006 1551 3082 sciuissent
1581 3023 1658 3079 et
1688 3031 1854 3082 com
1913 3006 2219 3097 crissent
2255 3028 2415 3079 cer·

215 3114 551 3189 titudinis
595 3114 1015 3190 veritatem:
1078 3111 1487 3202 Quomodo
1522 3111 1800 3218 egregii
1888 3111 1985 3187 iri
2004 3112 2413 3216 Emericus,

214 3218 413 3297 filius
467 3219 826 3297 Johannis
879 3246 967 3297 ac
1018 3223 1257 3296 Devrs
1302 3235 1385 3297 et.
1437 3219 1694 3296 Dancb
1737 3216 1833 3294 de
1871 3215 2277 3312 Zerdabel,
2329 3216 2414 3292 in

218 3356 421 3406 anno
452 3328 662 3405 cuius
701 3327 849 3404 iam
887 3330 1104 3404 tertia
1139 3326 1448 3406 instaret
1485 3326 1890 3421 reuolutio‚
1933 3325 2114 3403 dum
2148 3345 2414 3401 versus

211 3437 672 3535 Tyrnauiam
713 3461 928 3511 more
967 3434 1589 3513 exercituan'tium
1613 3436 1728 3512 ire
1758 3433 2196 3521 voluissent,
2238 3452 2417 3506 con-

217 3562 446 3648 cepta
484 3543 820 3622 rancoris
873 3542 1184 3635 malitia,
1254 3566 1674 3644 eorumque
1715 3541 2018 3646 propria
2065 3538 2417 3615 volunta-

215 3668 338 3743 tc,
394 3650 486 3737 ad
547 3649 1090 3751 possessionem
1177 3649 1489 3754 praefati
1564 3649 1996 3726 Conuentus
2068 3638 2429 3747 Bodaytb

212 3777 597 3842 vocatam,
649 3742 1096 3831 descendeb.
1150 3781 1564 3855 omnesque
1602 3782 1724 3833 res
1774 3775 1851 3833 et
1886 3755 2085 3830 bona
2134 3749 2226 3827 ad
2263 3754 2407 3827 Ec·
2516 3828 2521 3833 ,

212 3860 1068 3969 οΙεείεωᾸΡεινοοὴὶαΙεω
1105 3891 1322 3941 causa
1374 3860 1861 3945 defensionis
1882 3877 2220 3968 portata,
2275 3883 2422 3935 ex-

215 3977 399 4079 cipi,
453 3975 526 4047 in
567 3970 915 4047 domibus
947 3969 1173 4046 etiam
1211 3969 1713 4074 Jobagionum
1754 3969 1938 4049 dicti
1975 3984 2433 4064 conuentum,³

212 4080 298 4157 in
341 4079 719 4187 praedicta
753 4077 1221 4181 possessione
1262 4077 1884 4157 commorantium
1937 4074 2207 4177 habita,
2261 4075 2420 4175 eai-

215 4204 464 4286 stent,
535 4178 918 4301 'videlicet'
947 4184 1323 4297 pecudes,
1397 4209 1673 4293 pecora
1696 4239 1721 4279 ,
1786 4206 2105 4289 porcos,
2152 4204 2415 4285 aucas,
