2926 4849
618 443 846 512 001

519 646 734 728 dietis
773 644 1291 742 Monthanistis
1325 648 1593 726 nostris
1623 647 1961 741 dixisset,
2016 648 2374 753 quasdam
2410 666 2717 727 monta-

516 781 644 831 nas
673 755 846 846 ,fore
885 774 961 831 et
1000 781 1157 831 esse
1211 754 1282 834 in
1327 756 1543 831 terris
1588 759 1779 848 suis,
1836 755 2352 846 tamennullas
2400 756 2719 837 vrburas

514 862 659 938 sibi
694 861 871 958 clare
911 861 1005 938 de
1055 859 1338 938 eisdem
1393 864 1854 966 postulasset.
1926 865 2113 942 Item
2178 863 2272 940 ad
2333 862 2753 944 decimum.

515 970 910 1058 articulum
965 968 1331 1071 praefatus
1396 969 1804 1044 Sandrinus
1885 970 2412 1073 responderat,
2504 969 2718 1073 quod

423 1113 428 1120 ,
518 1078 680 1181 ipse
717 1081 860 1153 iam
898 1074 1063 1164 fatis
1103 1074 1389 1152 ciuibus
1429 1103 1964 1180 nonnunquam
2002 1078 2279 1181 aliquas
2312 1079 2542 1154 minus
2580 1078 2717 1153 im·

520 1184 904 1289 posuisset.
990 1186 1200 1258 Item¹
1230 1181 1324 1258 ad
1375 1182 1702 1258 vltimum
1764 1182 2160 1264 articulum
2221 1183 2719 1291 responderat

513 1290 883 1394 praefatus
927 1283 1369 1386 Sandrinus:
1429 1289 1633 1392 quod
1668 1292 1825 1394 ipse
1872 1289 2105 1367 nullas
2163 1290 2357 1386 νίας,
2415 1308 2715 1394 praeter

509 1423 672 1473 suas
703 1453 728 1492 ‚
787 1396 898 1490 ⁸ad
958 1398 1193 1500 ipsam
1248 1395 1639 1482 ciuitatem=
1678 1396 2110 1488 tendentes,
2196 1400 2520 1499 cuipiam
2580 1397 2715 1476 in·-

510 1502 868 1583 hibuisset
906 1560 929 1600 ,
1017 1529 1262 1608 neque
1330 1503 1492 1607 ipse
1568 1502 1861 1586 ciuibus
1925 1503 2225 1609 aliquod
2302 1507 2712 1607 dampnum

513 1611 591 1688 in
627 1607 764 1685 hac
837 1630 1047 1716 parte
1084 1609 1462 1692 intulisset.
1524 1608 1615 1684 Et
1669 1611 1842 1688 licet
1907 1637 2081 1695 nos,
2155 1614 2287 1714 qui
2347 1638 2442 1686 ex
2503 1615 2714 1708 inna-

513 1733 589 1793 ta
663 1716 882 1794 nobis
927 1721 1129 1823 regia
1214 1716 1652 1792 liberalitate
1728 1735 2105 1811 tenemur,
2181 1722 2524 1822 vtrinque
2568 1745 2709 1793 re-

509 1824 967 1928 gnicolarum
1028 1843 1448 1922 nostrorum
1506 1823 1850 1900 iustitiam
1922 1825 2335 1902 ministrare
2378 1880 2402 1917 ,
2430 1854 2711 1929 ,prae-

508 1933 742 2008 missis
789 1934 1279 2034 querimoniis
1342 1931 1709 2026 Maiestati
1780 1948 2077 2024 nostre,
2137 1949 2214 2005 vt
2271 1930 2702 2036 prefertur,

508 2042 915 2143 porrectis,
965 2039 1233 2115 auditis
1272 2055 1346 2113 et
1380 2037 1774 2113 intellectis
1817 2037 2234 2114 huiusmodi
2272 2040 2707 2135 discordiis,

511 2145 1123 2222 contentionibus
1159 2163 1234 2220 et
1280 2147 1841 2231 controuersiis,
1896 2159 2147 2250 partes
2184 2146 2379 2222 inter
2421 2148 2706 2250 praedi·

510 2266 706 2345 ctas,
763 2251 992 2326 modo
1028 2281 1181 2358 quo
1217 2277 1437 2355 supra
1471 2252 1860 2344 suscitatis,
1894 2253 2117 2327 finem
2158 2253 2541 2355 imponere
2584 2282 2715 2330 vo-

513 2356 777 2437 lentes.
833 2359 1038 2444 Tibi,
1097 2377 1356 2465 vtputa
1398 2356 1706 2436 Nicolao
1751 2358 1845 2434 de
1889 2355 2220 2457 Warda,
2271 2385 2357 2435 ac
2397 2360 2706 2463 Magni-

505 2466 648 2539 fico
688 2462 1071 2570 Stephano
1107 2466 1202 2545 de
1236 2464 1563 2554 Bathor,
1604 2468 1954 2569 Magistro
2001 2462 2525 2569 Dapiferorum
2564 2497 2708 2546 no-

499 2589 822 2647 strorum
858 2576 1232 2675 regalium,
1276 2576 1460 2664 serie
1506 2570 2231 2661 aliarum;literarum
2275 2590 2702 2675 nostrarum

395 2734 399 2738 Α
502 2674 772 2753 exinde
807 2682 1357 2773 confectarum,
1426 2678 1740 2755 eandem
1772 2706 2111 2779 reattsmm,
2150 2706 2329 2779 cum
2376 2683 2699 2783 ‘singulis

503 2785 652 2859 suis
692 2784 1114 2864 incidentiis
1151 2807 1227 2864 et
1269 2784 2251 2890 dependentiis'audiendam
2272 2820 2303 2885 ,τ
2350 2782 2697 2889 deciden-

502 2889 671 2966 dam
713 2907 788 2966 et
830 2890 973 2970 fine
1021 2894 1272 2971 debito
1317 2894 1854 2995 terminandam
1889 2893 2317 2973 duxerimus
2360 2900 2700 2975 commit-

500 2994 835 3095 tendam5
893 3018 1139 3079 tamen
1180 3005 1352 3105 quia
1396 2999 2222 3105 praefatus.8andrinus
2273 3000 2367 3079 ad
2426 3006 2702 3083 termi-

491 3132 681 3202 ,num
741 3133 882 3211 pro
931 3115 1507 3211 praemissorum
1558 3108 2007 3195 discussione
2092 3107 2561 3215 deputatum,
2616 3113 2698 3186 in

499 3214 1007 3318 praesenciam
1087 3233 1590 3309 executor-um
1667 3213 2186 3289 mandatorum
2267 3231 2697 3297 nostrorum

499 3319 1011 3424 predictorum
1055 3325 1307 3399 venire
1351 3338 1427 3398 et
1463 3320 1821 3399 accedere
1883 3338 2287 3399 recusasset
2316 3352 2534 3426 ;=·pro
2599 3352 2696 3402 eo
2732 3406 2737 3417 ,

499 3442 940 3503 executores
973 3431 1561 3532 prescriptorum
1598 3425 2113 3529 mandatorum
2151 3447 2575 3527 nostrorum
2616 3434 2695 3508 in

496 3536 868 3637 premissis
906 3534 1190 3613 nullum
1224 3533 1450 3609 linem
1482 3535 1730 3611 facere
1771 3534 2227 3637 potuissent,
2268 3560 2499 3639 super
2537 3567 2695 3641 quo

500 3644 578 3717 in
648 3642 981 3743 personis
1061 3638 1599 3763 exponentium
1682 3638 2044 3715 Maiestati
2098 3642 2353 3739 'nostre
2448 3647 2699 3727 extitit

488 3749 1004 3851 supplicatum,
1051 3750 1325 3852 thpsis
1347 3748 1547 3823 circa
1586 3749 1962 3854 premissa,
1995 3746 2405 3849 remedium
2441 3752 2689 3853 digna·

490 3879 746 3931 remur
766 3855 1008 3931 faeere
1033 3871 1583 3962 opportunum;
1626 3881 1889 3932 verum
1932 3881 2102 3931 cum
2139 3880 2274 3928 nos
2298 3858 2689 3958 predictos

493 3976 958 4064 exponontes
991 3963 1069 4037 in
1108 3961 1481 4069 premissis
1524 3959 1929 4068 dampnum
1964 3963 2113 4065 pati
2163 3988 2321 4037 non
2377 3966 2689 4046 velimus

491 4066 857 4170 aliquale;
928 4069 1154 4171 igitur
1208 4069 1554 4148 volumus
1608 4089 1684 4151 et
1737 4066 1983 4147 eidem
2048 4065 2381 4151 fidelitati
2426 4092 2691 4154 vestre
