2926 4849
2148 486 2316 576 sos

213 686 362 761 bus
398 684 777 784 <lictorum
820 689 1118 766 Domini
1154 683 1562 793 Praepositi
1598 708 1676 782 et
1712 688 2226 797 Capitulorum
2250 747 2271 790 ,
2309 721 2426 773 ae·

206 791 552 870 cedendo
578 852 599 879 ,
638 797 885 870 omnia
922 796 1325 901 praemissa
1374 813 1450 872 et
1491 800 1799 898 quaeuis
1847 805 2427 901 praemissorum

100 905 113 920 ⁴
207 900 491 1003 singula
517 956 536 993 ,
612 904 816 977 iuxta
886 922 1209 979 nostram
1268 903 1743 979 Judieiariam
1801 907 2427 985 Commissionem

209 1004 688 1101 antedictam,
744 1029 820 1085 et
860 1010 1225 1086 dictarum
1260 1011 1639 1085 literarum
1663 1031 2086 1089 nostrarum
2125 1014 2428 1104 adiudi-
2464 1025 2468 1029 ’

210 1115 663 1191 catoriarum
697 1119 1232 1195 continentiam
1267 1118 1621 1207 facerent,
1658 1117 2112 1223 perficerent
2143 1141 2222 1198 et
2257 1150 2428 1199 exe·
2511 1185 2517 1198 2
2557 1145 2560 1152 ’

213 1241 676 1325 querentur,
736 1226 1142 1300 variatione
1201 1226 1374 1326 sine-
1411 1224 1659 1318 omni,
1716 1228 2155 1304 omnimodo
2206 1256 2425 1334 prae·

206 1345 508 1413 notato.
564 1347 642 1405 et
680 1351 849 1436 post
888 1332 1067 1406 haee
1109 1332 1444 1406 omnium
1492 1335 2069 1435 praemissorum
2117 1341 2423 1433 seriem,

212 1453 292 1511 vt
321 1438 544 1511 fieret
583 1438 1031 1541 expediens,
1086 1437 1180 1512 ad
1213 1456 1509 1514 octauas
1549 1439 1715 1512 festi
1758 1440 1970 1516 Beati
2009 1441 2422 1538 Michaelis,

207 1545 550 1618 similiter
619 1562 798 1621 tunc
874 1549 1213 1638 venturi,
1287 1545 1492 1621 dicto
1567 1548 1903 1622 Domino
1958 1569 2220 1626 nostro
2288 1576 2426 1626 re·-

206 1650 284 1754 gi
332 1648 651 1727 fideliter
688 1652 1140 1746 rescriberet
1181 1652 1602 1757 Capitulum
1654 1653 1982 1728 Albense
2033 1661 2420 1758 praenota·

207 1777 393 1833 tum.
447 1758 781 1834 Tandem
820 1763 991 1862 ipsis
1027 1760 1305 1836 octauis
1335 1760 1502 1836 festi
1542 1760 1752 1856 Beati
1816 1761 2201 1838 Michaelis
2270 1765 2413 1840 Ar·-

205 1862 546 1966 cbangeli
586 1867 1080 1958 instantibus,
1138 1863 1514 1968 praefatus
1578 1868 1945 1943 Dominus
2006 1873 2434 1973 Gregorius,

207 1972 602 2067 Decanus,
652 2001 793 2076 pro
827 1977 974 2047 iam
1012 1969 1164 2048 sato
1204 1971 1549 2077 Capitulo
1591 1972 1963 2049 Ecclesiae
2010 1975 2419 2078 Vesprimi-

175 2103 331 2152 εει.
374 2104 544 2153 cum
572 2081 1106 2183 procuratoriis.
1137 2078 1365 2154 literis
1400 2078 1729 2154 eiusdem
1755 2100 2086 2158 nostram
2111 2083 2417 2160 veniens

206 2185 287 2258 in
329 2190 862 2291 praesentiam,
955 2185 1199 2261 literas
1253 2190 1644 2261 memorati
1697 2189 2007 2292 capituli
2061 2188 2422 2266 Albensi!

205 2318 440 2397 super
475 2298 889 2397 praemissis
910 2348 950 2398 ,ἦ
988 2292 1190 2369 dicto
1225 2294 1560 2369 'Domino
1617 2313 1877 2371 nostro
1934 2296 2092 2398 regi
2143 2297 2415 2372 rescri-

204 2401 614 2502 ptionales,
672 2401 890 2478 nobis
934 2401 1479 2506 praesentauit,
1538 2399 1735 2478 hune
1772 2420 2121 2481 tenorem
2156 2405 2416 2483 ,conti-

201 2527 504 2585 nentes:
583 2509 1254 2586 serenissimo
1305 2508 1752 2615 Principi
1808 2513 2226 2586 Domino
2278 2509 2417 2586 Si-

201 2616 352 2717 gis
380 2614 740 2693 mundo
787 2611 890 2718 (v.
935 2614 1230 2720 supra).
1285 2615 1582 2704 Quibus
1623 2616 1936 2719 quidem
1990 2635 2413 2722 praesenta-

197 2726 295 2798 tis
316 2774 341 2815 ,
399 2725 575 2826 quia
618 2751 714 2799 ex
743 2727 933 2800 serie
963 2720 1392 2800 earumdem
1433 2726 1870 2829 praescripti
1901 2727 2149 2825 regius
2180 2742 2258 2800 et
2286 2750 2410 2798 an·

197 2836 438 2905 notati
490 2830 805 2935 Capituli
846 2826 1190 2906 Alliensis
1240 2829 1579 2906 homines
1630 2832 1955 2906 termino
2000 2832 2078 2906 in
2125 2828 2414 2936 praefi-3

199 2962 305 3013 xo
362 2936 457 3011 ad
496 2938 759 3013 faciem
820 2935 1060 3013 dictae
1121 2936 1611 3041 possessionis
1668 2928 1884 3039 Nagy
1948 2936 2208 3013 Pechel
2237 2993 2259 3033 ,
2331 2954 2408 3015 et

191 3071 336 3147 per
372 3070 844 3146 consequens
880 3043 1372 3119 antefatarum
1412 3068 1545 3117 sex
1578 3044 1988 3117 sessionum
2010 3099 2033 3136 ,
2078 3069 2210 3118 seu
2243 3045 2409 3119 Cu-
2502 3063 2511 3071 ¹

196 3153 479 3228 riarum
519 3151 1139 3255 Jobagyonalium
1179 3151 1256 3223 in
1300 3148 1563 3225 eadem
1617 3147 2034 3225 habitarum
2059 3204 2080 3242 ,
2137 3149 2406 3227 vicinis

195 3276 278 3334 et
310 3260 850 3335 commetaneis
888 3257 1221 3334 eiusdem
1253 3258 1619 3332 v'niuersis
1649 3256 1832 3331 inibi
1865 3254 2193 3362 legitime
2227 3281 2406 3331 con-

196 3367 478 3441 uocatis
516 3382 594 3441 et
634 3364 1142 3470 praesentibus
1187 3363 1661 3457 accedendo,
1703 3363 2009 3440 ‘easdem
2053 3390 2207 3440 sex·
2235 3387 2405 3439 ses-

195 3461 449 3549 siones
501 3498 636 3550 seu
678 3472 918 3546 curias
960 3469 1603 3574 'ioabagyonales,
1679 3496 1852 3546 cum
1921 3468 2402 3575 praescriptis

200 3579 553 3662 omnihus
594 3577 1029 3654 vtilitatibus
1061 3595 1152 3655 et
1178 3578 1645 3683 pertinentiis
1677 3576 2139 3679 quibuslibet
2178 3572 2402 3651 vide-'-

197 3685 379 3762 licet
409 3686 629 3763 terris
661 3684 1062 3769 arabilibus
1088 3741 1111 3779 ,
1169 3686 1388 3760 cultis
1438 3703 1516 3761 et
1551 3685 1898 3780 incultis,
1953 3683 2211 3785 syluis·
2249 3682 2399 3760 tie-'-
2470 3705 2477 3709 ’

194 3793 583 3886 moribus,
622 3795 895 3898 pratis,
945 3818 1079 3868 seu
1110 3792 1473 3885 fumeus,
1515 3817 1658 3866 nec
1684 3818 1839 3866 nou
1878 3788 2257 3865 montibus
2292 3792 2397 3864 vi-
2511 3868 2517 3873 ,

195 3928 512 3976 neat-um
591 3915 674 3976 et
747 3898 1189 3975 eorumdem
1260 3898 1753 4004 prouentibus
1822 3898 2036 3973 ,iuxta
2084 3895 2396 3995 modum

190 4024 798 4111 praenarratum,
853 4006 993 4082 sub
1038 4007 1256 4083 metis
1295 4005 1754 4110 praemissis,
1786 4007 1992 4079 iuxta
2041 4006 2393 4107 praescri·

190 4131 398 4219 ptam
433 4133 756 4193 nostram
796 4112 1255 4190 iudiciariam
1297 4112 1898 4190 commissionem
1922 4165 1945 4205 ,
1981 4110 2226 4187 eidem
2260 4107 2394 4184 Ca·

192 4222 435 4326 pitulo
465 4220 1034 4327 vesprimiensi,
1067 4218 1663 4300 contradictione
1699 4216 2205 4324 praefatorum
2248 4217 2425 4297 Dor
