2926 4849
530 438 696 533 ¹30

487 671 657 745 villa
694 665 927 769 Julzaa,
966 659 1385 741 manumisit
1420 664 1823 768 quemdam
1855 655 2176 742 seruum'
2198 682 2414 740 suum
2451 661 2686 740 nomia

440 804 446 815 ‘
486 804 583 862 ne
623 772 681 847 F
685 777 924 877 igmoz
967 797 1135 846 cum
1180 776 1382 846 omni
1423 780 1898 877 generatione
1937 798 2069 847 sua
2093 827 2115 865 ,
2172 795 2365 871 quae
2406 768 2500 844 ab
2545 771 2681 845 illo

485 898 678 959 esset
710 904 1186 970 successura,
1243 882 1340 953 ita
1406 900 1487 957 vt
1536 879 1966 983 vbicunque
2007 877 2268 969 vellet,
2323 874 2679 954 manendi

486 985 597 1065 fas
629 986 954 1077 haberet.
1016 985 1497 1069 Postmodum
1529 1007 1775 1067 autem
1812 983 2181 1091 praefatus
2218 984 2485 1082 Fignoz
2530 982 2676 1059 du·-

487 1099 596 1171 cit
653 1118 969 1171 vxorem
1018 1092 1417 1177 liberam.“
1482 1094 1668 1197 Reg.
1739 1092 1990 1169 Varad
2045 1089 2112 1189 ᾧ.
2195 1090 2387 1179 149..
2425 1091 2677 1185 „Cum

489 1199 845 1293 Scemer,
897 1198 1087 1275 filius
1129 1198 1526 1294 Scemera,
1579 1205 1656 1276 in
1715 1200 1972 1277 vltimo
2030 1215 2467 1276 testamento
2528 1196 2682 1271 de-

492 1310 714 1384 disset
747 1307 1110 1384 Ecclesiae
1148 1304 1223 1379 S.
1266 1308 1578 1409 Georgii
1619 1311 1872 1384 Duse
1897 1310 1986 1381 ni
2011 1333 2116 1382 cu
2140 1335 2237 1397 m,
2281 1303 2683 1409 quemdam

494 1415 591 1490 de
660 1410 963 1518 praedio
1034 1412 1350 1504 Jousae,
1420 1418 1722 1489 nomine
1769 1416 2008 1508 Dera,
2064 1433 2147 1492 vt
2204 1414 2284 1486 in
2335 1411 2526 1487 festo
2594 1409 2677 1484 S.

496 1521 876 1597 Michaelis
915 1519 1330 1596 celebraret
1382 1521 1965 1625 exequiascum
2028 1547 2167 1596 vna
2226 1519 2679 1622 competenti

500 1631 667 1720 oui,
725 1628 1024 1730 triginta
1063 1627 1380 1728 panibus
1395 1685 1422 1720 ,
1498 1647 1577 1705 et
1628 1647 1948 1732 quatuor
1993 1628 2198 1721 idriis
2253 1627 2678 1701 cereuisiae.

497 1733 803 1811 Siemeu
857 1748 1157 1826 mortuo
1216 1773 1318 1789 —·
1393 1734 1632 1813 dictus
1687 1735 2157 1838 praepositus
2219 1734 2681 1807 nominatum

498 1842 958 1919 Dusenicum
993 1838 1353 1915 stabiliuit
1397 1843 1471 1914 in
1511 1843 1796 1934 officio,
1847 1845 1927 1916 in
1964 1867 2119 1945 quo
2152 1840 2406 1943 ipsum
2440 1838 2682 1927 domi·

498 1974 642 2024 nus
680 1974 858 2026 suus
895 1944 1287 2044 stabiliuit,
1339 1940 1736 2039 mendane,
1790 1966 1868 2023 vt
1904 1947 2368 2035 mansionem
2400 1945 2540 2018 sibi
2573 1970 2682 2018 se-

501 2054 833 2131 cundum
864 2053 1253 2129 arbitrium
1290 2056 1618 2157 magistri
1658 2055 2005 2155 Capellae
2062 2052 2134 2128 S.
2191 2053 2496 2154 Georgii
2548 2050 2680 2125 eli-

500 2164 782 2263 geret.“
838 2156 905 2257 ᾗ.
968 2166 1141 2235 133.
1194 2160 1565 2253 „Ibrahim
1610 2161 1695 2235 Α.
1729 2165 2101 2238 Diacouus
2140 2159 2233 2235 de
2291 2157 2682 2232 Zobuslou

504 2265 903 2370 quemdam
931 2265 1622 2360 adolescentulum,
1659 2271 1962 2345 nomine
2012 2267 2337 2369 Paulum,
2376 2290 2706 2339 seruum·

502 2401 762 2470 suum,
815 2374 1078 2472 vtipse
1122 2371 1350 2468 dixit,
1419 2376 1888 2476 emptitium,
1942 2375 2369 2451 manumisit
2408 2374 2543 2462 ita,
2602 2390 2682 2446 vt
2805 2424 2806 2428 =

507 2483 860 2585 quamdiu
891 2483 1219 2575 viueret,
1253 2486 1321 2556 ei
1349 2484 2097 2572 seruireteneretur,
2155 2502 2326 2583 post
2364 2498 2682 2555 mortem

508 2605 760 2664 autem
789 2590 1015 2692 ipsius
1050 2590 1151 2663 ita
1191 2588 1376 2663 liber
1417 2589 1652 2681 foret,
1710 2610 1789 2667 vt
1827 2609 1904 2666 et
1945 2592 2104 2694 ipse
2149 2591 2407 2664 Paulus
2471 2604 2545 2662 et
2599 2613 2680 2660 o-

508 2695 701 2770 mnis
732 2697 1114 2796 generatio
1139 2695 1234 2769 ab
1271 2694 2017 2782 eodemsuccessura‚
2062 2696 2485 2794 vbicunque
2530 2690 2683 2767 vel-

434 2817 445 2823 ’
509 2801 655 2888 let,
711 2802 1056 2877 manendi
1096 2803 1202 2894 fas
1238 2801 1614 2880 haberet.“
1667 2802 1856 2880 Ibid.
1912 2803 1974 2901 ᾧ.
2040 2809 2212 2876 137.
2269 2801 2570 2900 „Chygz
2608 2815 2685 2873 et

506 2906 794 2999 Jacob,
848 2908 977 2983 filii
1017 2912 1256 2995 BunS,
1314 2943 1421 2964 -·
1477 2929 1840 3014 ceperunt
1880 2937 2181 2986 seruum
2233 2935 2482 2993 suum,
2540 2932 2684 2980 non

510 3019 711 3094 mine
749 3017 991 3092 Cutius
1026 3015 1223 3195 affiud
1258 3016 1591 3111 Budam,
1649 3016 1880 3100 filium
1926 3001 2320 3110 Forkasi13'
2347 3054 2450 3069 —
2489 3011 2690 3087 Buda

512 3121 813 3199 licentia
864 3123 1087 3217 iudici
1161 3144 1657 3200 memoratum
1706 3127 1946 3202 Cucus
1998 3121 2317 3200 redemit
2364 3150 2409 3200 a
2459 3121 2690 3195 serui-

513 3247 710 3323 tute,
766 3230 847 3310 in
889 3227 1428 3306 absolutam
1486 3230 2114 3324 libertatem,
2172 3235 2306 3323 ita,
2345 3247 2427 3304 vt
2474 3254 2691 3330 quan·

513 3333 919 3440 docunque
961 3340 1115 3441 ipse
1150 3335 1395 3412 Cucus
1427 3392 1448 3433 ,
1506 3356 1584 3413 et
1636 3337 1842 3418 filius*
1886 3339 2086 3428 eius,
2142 3355 2218 3412 et
2268 3337 2502 3411 omnis
2551 3360 2693 3437 ge·-

420 3483 425 3490 ·
513 3444 804 3519 neratio
868 3443 964 3517 ab
1030 3442 1313 3518 eisdem
1368 3470 1796 3521 successura
1831 3498 1859 3536 ,
1933 3443 2360 3544 vbicunque
2430 3441 2699 3517 vellent

512 3549 859 3625 manendi
935 3550 1040 3627 fas
1094 3548 1480 3628 haberent.
1530 3552 1780 3627 Cucus
1839 3570 2089 3629 autem
2151 3549 2474 3628 reddidit
2540 3549 2698 3624 Bu-

424 3731 427 3734 ,
516 3654 652 3733 dae
726 3653 906 3734 duas
985 3683 1271 3733 marcas
1336 3676 1413 3733 et
1487 3651 1869 3736 dimidiam
1900 3715 1919 3752 ,
2023 3686 2206 3760 quas
2306 3684 2449 3756 pro
2528 3659 2694 3760 ipso

514 3763 910 3841 soluerat.“
964 3763 1150 3840 Ibid.
1223 3760 1539 3861 §.12st
1613 3766 1952 3871 „Bagha,
2029 3768 2217 3842 filius
2269 3764 2697 3863 Hodnogio-

515 3871 634 3947 nis
704 3869 997 3966 Lucae,
1068 3899 1239 3949 cum
1294 3870 1607 3950 haberet
1662 3902 1955 3950 seruum
2012 3873 2314 3956 nomine
2371 3868 2694 3976 stepha-'-

517 4003 741 4068 num,
815 3978 1146 4082 permisit
1198 4005 1371 4054 eum
1406 3978 1671 4056 redimi
1707 3975 1849 4085 p'ro
1902 4008 2031 4057 sex
2090 3984 2353 4057 marcis
2407 3999 2484 4057 et
2537 3981 2694 4055 fer·-

519 4100 761 4181 tone3
819 4123 920 4146 --
972 4085 1054 4162 in
1126 4099 1405 4163 tantam
1461 4090 1887 4165 libertatem
1921 4143 1946 4178 ,
2013 4087 2220 4191 quod
2287 4108 2437 4164 tam
2518 4089 2694 4190 ipsi,

524 4217 747 4297 quam
805 4194 1043 4271 omnis
1100 4199 1485 4300 generatio
1531 4194 1627 4272 ab
1681 4193 1948 4274 eodem
1993 4220 2418 4277 successura
2439 4252 2460 4293 ,
2537 4194 2695 4271 vbi-
