2926 4849
2096 527 2246 598 527

424 807 428 816 .
710 825 715 828 ,
1030 734 1456 813 CCXXXV
1457 739 1513 812 1.
1530 774 1548 788 ·

156 859 445 916 ιιεωιω
480 863 544 916 ιι.
581 863 733 916 aare
762 857 1063 913 Μαίη...
1090 857 1347 913 »alsenam
1364 892 1383 920 ‚
1420 878 1493 914 ω
1519 857 1717 930 stum
1745 861 1998 916 Jonas.
2043 859 2109 915 a.
2165 863 2357 921 aava.

354 950 424 1005 οό
460 970 576 1006 non
606 951 947 1006 venientium
978 951 1043 1002 in
1080 948 1294 1004 iudicio
1313 983 1332 1010 ‚
1360 964 1416 1004 es
1446 949 1516 1003 ob
1546 947 1922 1023 Jobbagionu
1959 957 2075 1005 aon
2108 963 2357 1007 numos
2453 984 2466 991 -

216 1042 226 1056 '
354 1042 416 1094 in
455 1041 709 1113 singulis
734 1040 947 1094 marcis
984 1040 1292 1093 eonainoie.
1337 1040 1408 1094 A.
1452 1039 1610 1096 1433.
1696 1065 1717 1075 -

356 1133 514 1207 Nos
556 1133 907 1210 Nicolaus
943 1129 1039 1228 de
1082 1132 1282 1208 Gara
1339 1132 1552 1235 regni
1618 1132 2038 1237 Hungariae
2093 1133 2357 1212 Palati·

151 1263 304 1314 nus
326 1256 403 1316 et
432 1237 480 1312 J
483 1237 680 1315 udex
713 1236 1528 1342 Cumanorum2damus
1551 1267 1693 1344 pro
1719 1242 2105 1335 memoria,
2146 1240 2356 1344 quod

151 1344 484 1423 Thomas
522 1346 870 1428 crucifer
912 1372 1055 1449 pro
1086 1346 1479 1422 Conuentu
1512 1346 2073 1424 cruciferorum
2104 1346 2201 1424 de
2231 1347 2359 1423 Al-

151 1451 298 1544 ba,
353 1478 526 1553 cum
593 1453 1118 1556 procuratoriis
1162 1451 1392 1527 literis
1446 1450 1818 1550 eiusdem,
1850 1470 2150 1552 ‚contra
2200 1452 2355 1530 Ma-

151 1558 507 1661 gnificam
545 1559 945 1635 Dominam
1005 1555 1385 1654 relictam,
1440 1575 1519 1634 et
1571 1559 2075 1653 catharinam,
2125 1559 2356 1638 filiam

148 1664 513 1742 Johannis
547 1664 641 1742 de
678 1669 918 1759 Gara,
974 1665 1068 1766 ab
1106 1668 1390 1743 octauis
1426 1664 1598 1740 festi
1633 1666 1720 1741 B.
1779 1664 2167 1743 Michaelis
2217 1664 2354 1745 Ar·

146 1772 530 1876 changeli,
586 1774 1122 1878 quinquaginta
1155 1770 1445 1851 duobus
1483 1770 1748 1850 diebus
1805 1774 2179 1851 continuis
2245 1773 2355 1849 le·

149 1881 413 1981 gitime
432 1880 639 1955 stetit
668 1884 743 1955 in
777 1883 1096 1958 termino
1116 1905 1374 1954 coram
1403 1877 1621 1954 nobis
1644 1932 1671 1973 .‚
1705 1907 1896 1984 quae
1940 1879 2147 1955 iuxta
2180 1904 2366 1956 con··
2399 1867 2431 1897 ¹

149 1987 547 2070 tinentiam
579 1985 963 2064 literarum
1002 2005 1459 2084 nostrarum,
1517 2010 1657 2087 per
1688 2013 1825 2062 nos
1865 2012 2092 2090 super
2129 1985 2355 2063 factis

150 2096 227 2168 in
268 2089 499 2176 lite‘ris
536 2090 851 2198 Capituli
917 2091 1292 2168 Ecclesiae
1346 2088 1689 2168 Albeusis
1741 2092 2226 2196 inquisitoriis
2275 2108 2355 2170 et

145 2200 605 2275 euocatoriis
641 2199 1047 2292 contentis,
1108 2200 1617 2304 peremptorie
1668 2224 2162 2303 responsurae
2219 2224 2352 2275 no-

148 2319 386 2385 stram
418 2307 495 2381 in
535 2305 1024 2409 praesentiam
1060 2331 1212 2380 non
1257 2322 1631 2381 venerunt
1656 2332 1908 2409 neque
1952 2308 2349 2399 miserunt,

148 2440 299 2489 nee
338 2413 917 2518 vigintiseptem
955 2409 1344 2490 familiares
1379 2430 1458 2491 et
1498 2410 1976 2516 Jobagyones
2014 2414 2358 2519 ipsorum,

146 2535 481 2597 statuere
540 2520 807 2598 deben.
861 2535 1321 2616 statuerunt3
1402 2518 1600 2619 vnde
1653 2524 1849 2624 ipsas
1892 2547 2038 2626 pro
2087 2547 2349 2597 earum

147 2654 310 2703 non
350 2630 716 2704 venientia
755 2631 833 2702 in
873 2627 1149 2704 iudicio
1185 2643 1587 2720 consuete,
1642 2645 1719 2704 et
1759 2654 1904 2730 pro
1937 2652 2091 2703 non
2131 2645 2350 2704 statu·

147 2736 363 2809 tione
398 2733 772 2811 dictorum
813 2730 1283 2809 familiarium
1327 2752 1404 2810 et
1465 2732 2031 2837 iobbagyonum
2086 2746 2163 2808 in
2208 2735 2350 2810 sin-

146 2838 346 2944 gulis
390 2845 656 2917 marcis
691 2843 1225 2918 commissimus
1261 2841 1428 2915 fore
1457 2842 1838 2916 conuictas
1859 2895 1882 2932 ,
1923 2842 1985 2917 si
2016 2867 2095 2916 se
2128 2843 2350 2917 ratio-

143 2945 505 3022 nobiliter
518 2976 684 3051 ,pon
717 2965 1073 3049 poterunt
1112 2972 1483 3022 excusare.
1528 2949 1804 3022 Datum
1836 2946 2091 3023 Budae
2127 2949 2348 3050 quiu-

144 3055 592 3156 quagesimo
630 3053 1018 3131 tertio.die
1055 3053 1348 3129 termini
1392 3048 1834 3154 praenotati.
1912 3053 2139 3128 Anno
2198 3055 2348 3129 Do·

144 3161 336 3234 mini
379 3159 1013 3236 MCDXXXHF‘.

232 3289 289 3346 E
323 3285 675 3347 membrana
705 3286 997 3370 originali.

1014 3420 1515 3502 CCXXXVII.

140 3545 408 3601 Maenas
445 3546 508 3597 de
543 3540 755 3599 Polo'cz
800 3546 1104 3601 Palatinus
1154 3551 1473 3599 Susannam
1518 3543 1782 3611 relictam,
1801 3581 1818 3610 ‚
1863 3542 2181 3612 Bycltkelae‚
2217 3542 2350 3611 filii

176 3647 199 3659 ³
343 3639 615 3694 ladislai
645 3638 711 3692 ds
740 3642 882 3693 Eb're
914 3643 993 3693 ad
1011 3639 1510 3711 proclamantia,
1545 3641 1766 3711 Georgii
1797 3640 1862 3691 A.
1895 3632 2161 3711 Episcopi
2189 3639 2343 3691 Seri-

336 3752 470 3806 gon.
534 3734 763 3788 Vicat&
807 3738 950 3806 regii
1009 3750 1124 3788 non
1169 3736 1473 3811 venientem
1523 3733 1589 3785 in
1637 3733 1855 3786 iudicio
1914 3734 2220 3787 conuincs’e.
2278 3733 2344 3787 A.

350 3822 512 3881 1435.
802 3850 807 3855 ·

348 3932 504 4006 Nos
540 3930 879 4008 Matthias
912 3928 1005 4005 de
1036 3919 1352 4023 Paloch‚
1408 3930 1625 4034 regni
1661 3927 2086 4030 Hungariae
2122 3926 2345 4003 Pala-
2457 3988 2466 4001 ,

142 4043 401 4130 tinus,
458 4038 713 4123 damus
771 4067 912 4143 pro
966 4039 1322 4113 memoria
1369 4036 1578 4139 quod
1623 4035 1942 4112 Thomas
1996 4033 2343 4112 Crucifer

140 4174 292 4251 pro
319 4145 715 4224 Conuentu
755 4144 1126 4222 Ecclesiae
1169 4144 1726 4220 cruciferorum
1755 4140 1850 4217 de
1884 4140 2121 4237 Alba,
2163 4169 2333 4218 cum

139 4249 685 4359 procuratoriis
720 4247 1331 4331 literis'eiusdem
1378 4267 1639 4329 contra
1692 4246 2020 4327 nobilem
2075 4249 2336 4328 Domi-

1092 4394 1131 4419 ”x
