2926 4849
2083 495 2233 570 749
2354 580 2365 593 ⁴

116 700 584 776 concordiae
626 716 703 778 et
725 699 1025 776 vnitatis
1068 701 1142 772 in
1182 698 1367 775 cord
1383 697 1553 776 ibus
1600 696 1859 775 vestris
1890 744 1921 797 ,-
1973 728 2146 779 cum
2195 731 2332 782 re-
2374 728 2401 735 ·’

112 806 350 910 liquis
390 807 672 883 Christi
714 805 1054 883 fidelibus
1080 860 1102 899 ,
1160 803 1255 880 de
1292 833 1526 910 quare
1571 825 1926 911 quantam
1980 813 2330 888 consola-

120 916 415 990 tionem
447 916 523 989 in
566 915 888 990 Domino
910 913 1362 1012 suscepimus
1397 932 1710 1015 propter
1762 940 2025 1018 pacem
2062 936 2138 991 et
2169 921 2331 1020 qui·

130 1039 342 1096 etem
409 1040 771 1112 vestram,
817 1037 918 1094 -et
974 1020 1290 1096 aliorum
1349 1020 1613 1096 Christi
1664 1018 2031 1117 fidelium,
2116 1027 2330 1103 nouit
2374 1092 2381 1103 ,

121 1126 308 1220 ille,
364 1129 486 1203 cui
530 1129 759 1203 corda
797 1143 871 1201 et
921 1125 1406 1230 cogitationes
1462 1125 1844 1203 hominum
1904 1145 2175 1233 patent.
2232 1135 2329 1211 Et

129 1234 448 1338 quidem
486 1258 903 1337 speramus,
961 1229 1165 1335 quod
1189 1232 1709 1309 misericordia
1744 1234 2099 1311 Altissimi
2123 1291 2145 1328 ,
2196 1265 2331 1315 cu-

121 1343 249 1413 ius
293 1342 809 1417 miserationes
838 1356 1010 1413 sunt
1042 1364 1271 1441 super
1308 1342 1555 1415 omnia
1587 1367 1817 1444 opera
1851 1343 2007 1419 eius
2028 1399 2050 1434 ,
2104 1370 2329 1449 auge·
2376 1416 2379 1419 ,

121 1447 247 1521 bit
293 1448 370 1521 in
405 1445 621 1526 vobis
661 1447 967 1550 gratiam
998 1470 1247 1536 suam,
1281 1443 1667 1550 quodque
1702 1448 1934 1525 virtus
1988 1467 2068 1526 et
2104 1449 2332 1528 deuo·

129 1556 248 1629 tio
288 1572 524 1630 vestra
588 1553 862 1635 lucebit
924 1554 998 1626 in
1054 1550 1379 1628 Ecclesia
1440 1553 1576 1628 Dei
1627 1571 1703 1629 et
1739 1580 1913 1656 erga
1947 1581 2082 1633 nos
2122 1583 2321 1634 sum-

137 1686 355 1734 mum
400 1654 834 1737 Pontificem
873 1656 1273 1735 ostendetis
1315 1656 1645 1734 debitam
1699 1660 2198 1738 obedientiam
2252 1681 2330 1739 et

133 1766 368 1843 fidem
404 1767 498 1842 ad
533 1769 844 1845 salutem
885 1767 1299 1841 animarum
1336 1784 1785 1856 vestrarum,
1842 1768 2325 1869 quemadmo-
2402 1851 2406 1856 ,

130 1875 321 1951 dum
358 1876 577 1949 etiam
619 1872 834 1952 nobis
869 1870 1127 1948 retulit
1159 1872 1624 1950 Venerabilis
1659 1872 1891 1950 frater
1920 1894 2176 1953 noster
2195 1878 2322 1953 Jo-

130 2005 367 2057 annes
406 1983 815 2087 Episcopus
850 1979 1291 2082 Signiensis,
1349 2006 1578 2080 quem
1617 1984 1766 2057 suis
1789 2036 1811 2071 ,
1861 1982 2328 2086 exigentibus

129 2088 458 2173 meritis,
518 2108 828 2194 paterna
873 2086 1268 2162 dilectione
1302 2089 1879 2190 prosequimur,
1933 2090 2161 2184 multa
2197 2116 2326 2165 as·-

131 2221 386 2273 serens
419 2195 514 2270 de
551 2211 795 2272 vestra
831 2192 1240 2269 deuotione
1284 2212 1359 2267 et
1402 2193 1787 2271 affectione
1828 2220 2144 2295 syncera
2191 2222 2325 2272 er·-

130 2332 229 2408 ga
274 2306 410 2377 nos‘
467 2321 542 2378 et
588 2297 995 2378 Ecclesiam
1061 2302 1522 2391 Romanam,
1617 2326 1715 2375 ex
1764 2298 2067 2405 quibus
2100 2301 2326 2379 rebus

141 2409 572 2486 charitatem
611 2427 926 2486 vestram
966 2406 1244 2482 meritis
1285 2403 1624 2484 laudibus
1676 2407 2324 2502 commendamus,

140 2514 614 2594 exhortantes
651 2543 787 2592 vos
817 2532 900 2590 vt
940 2518 1066 2618 pio
1113 2513 1192 2587 in
1227 2515 1558 2590 Domino
1596 2514 1898 2611 vivatis,
1956 2535 2035 2593 vt
2064 2516 2321 2619 gratia,

139 2648 339 2728 quae
375 2623 541 2698 data
576 2642 688 2702 est
713 2620 920 2699 vobis
954 2650 996 2695 a
1021 2618 1413 2697 Saluatore
1454 2640 1711 2698 nostro
1747 2649 1885 2726 per
1904 2640 2148 2699 vestra
2183 2622 2323 2698 bo-

139 2759 238 2806 na
288 2747 366 2805 et
406 2730 797 2807 laudabilia
849 2755 1122 2833 opera,
1176 2726 1506 2804 fructum
1562 2729 1861 2804 afferrat
1896 2728 2199 2806 vberem
2243 2728 2324 2803 in

143 2833 457 2912 odorem
495 2837 890 2914 suauitatis.
918 2837 1123 2909 Inter
1161 2851 1456 2910 caetera
1492 2836 1989 2938 gratissimum
2028 2837 2168 2911 fuit
2199 2862 2327 2909 au·

138 2943 303 3019 dire
331 3000 353 3034 ,
407 2941 892 3020 concordiam
943 2941 1220 3016 bonam
1275 2955 1603 3015 vestram
1655 2965 1833 3036 cum
1887 2939 2323 3016 charissimo

141 3055 222 3125 in
253 3048 543 3127 Christo
586 3048 738 3125 filio
770 3059 1029 3123 nostro
1075 3044 1589 3148 sigismundo,
1624 3047 2141 3123 Romanorum
2179 3051 2324 3122 Im-

136 3174 489 3261 peratore
513 3212 535 3248 ,
585 3182 882 3259 semper
937 3154 1273 3254 Augusto
1324 3154 1536 3256 Rege
1588 3168 1845 3227 vestro
1881 3177 2108 3254 quem
2151 3178 2323 3229 cum
2442 3208 2452 3220 .

141 3290 426 3338 summa
462 3262 813 3340 charitate
844 3260 1249 3364 diligimus,
1295 3276 1520 3360 prout
1547 3261 1730 3333 tanti
1772 3258 2132 3362 Principis
2177 3261 2323 3335 vir·-

145 3388 273 3447 tus
316 3388 393 3447 et
439 3371 706 3446 merita
741 3371 1180 3472 requirunt,
1236 3364 1757 3441 exaltationem
1790 3385 1867 3442 et
1906 3383 2174 3443 statum
2210 3363 2325 3443 su·
2390 3413 2399 3424 ·

144 3504 275 3551 um
312 3531 337 3571 ,
447 3504 620 3552 cum
705 3474 934 3552 fuerit
994 3498 1287 3576 semper
1375 3488 1451 3547 et
1511 3473 1601 3546 sit
1664 3477 2106 3577 praecipuus
2173 3500 2322 3548 no-

141 3602 296 3659 ster
338 3602 411 3659 et
444 3582 822 3659 Ecclesiae
875 3580 1018 3656 Dei
1065 3577 1421 3655 defensor
1466 3595 1542 3654 et
1590 3598 2017 3682 protector,
2072 3581 2323 3684 augeri

140 3707 297 3766 tota
330 3707 584 3766 mente
623 3706 1079 3793 exoptamus.
1134 3688 1394 3784 Itaque
1439 3687 1558 3777 ei,
1614 3704 1839 3791 prout
1875 3686 2096 3765 decet
2136 3686 2322 3763 sub-

137 3797 336 3873 ditos
393 3821 530 3873 suo
591 3797 781 3898 Regi
821 3851 842 3889 ‚
916 3806 1261 3897 parentes
1316 3810 1395 3869 et
1441 3790 1770 3868 debitam
1824 3797 2325 3871 reuerentiam

134 3922 214 3978 et
259 3901 763 3979 obedientiam
803 3915 1293 4006 praestantes,
1351 3899 1663 4001 diligatis
1700 3901 1942 4002 ipsum
1974 3900 2053 3975 in
2088 3902 2323 3975 since-
2411 3997 2417 4005 ι

136 4010 359 4087 ritate
393 4013 660 4085 mentis
703 4027 780 4084 et
828 4008 1098 4099 animi,
1154 4008 1539 4108 cumipse
1597 4009 1691 4083 sit
1739 4007 2092 4111 Princeps
2134 4033 2326 4111 pru-

140 4117 655 4212 dentissimus,
710 4141 798 4192 ac
839 4112 1095 4216 diligat
1122 4129 1202 4186 et
1234 4129 1433 4187 amet
1463 4135 1634 4203 vos,
1689 4114 2022 4214 quotidie
2063 4140 2322 4217 agens,

140 4251 336 4326 quae
378 4239 622 4330 sperat
657 4224 1030 4328 pertinere
1060 4215 1157 4294 ad
1191 4217 1473 4297 bonum
1530 4238 1860 4300 vestrum
1886 4274 1908 4310 ,
1979 4237 2053 4299 et
2109 4221 2320 4323 regni

707 4411 728 4452 η
