2926 4849
2113 496 2264 569 221
2360 509 2371 522 ·

164 729 338 779 cum
371 705 452 778 in
489 721 747 780 nostro
778 705 994 779 mani
1017 702 1316 806 loquio
1309 700 1442 789 ad„-
1466 703 1632 781 iuro
1677 699 2143 783 reddendum
2186 731 2368 785 vuar·

163 810 480 885 nimiter
507 809 903 897 fuissemus
939 810 1389 931 congregati,
1442 827 1690 887 nostra
1733 812 2176 888 constitutus
2207 840 2374 916 per-

163 916 622 994 sonaliterin
656 914 1111 1020 praesentia,
1167 921 1279 990 vir
1317 915 1909 1021 circumspectus
1932 934 2008 993 et
2039 914 2369 997 famosus

163 1023 497 1100 Ioannes
522 1021 926 1117 Omechin,
980 1039 1242 1098 noster
1275 1022 1500 1099 etiam
1544 1024 2026 1121 coniuratus,
2085 1040 2375 1103 matura

165 1129 714 1206 deliberatione
757 1124 1277 1255 praehabita,
1305 1154 1630 1233 corpore
1669 1157 1936 1226 sanus,
1978 1148 2067 1207 ·et
2104 1131 2371 1238 perfes-

162 1257 323 1315 ctae
377 1237 1012 1340 compositionis,
1023 1239 1396 1341 propriae,
1451 1263 1596 1315 nec
1647 1264 1801 1314 non
1845 1263 2159 1315 suorum
2195 1238 2374 1315 Pro·

161 1343 645 1448 genitorum,
684 1365 768 1417 ac
808 1344 1326 1446 proximorum
1355 1348 1768 1421 animarum
1807 1344 2120 1422 salutem
2161 1372 2377 1449 prae

161 1449 525 1539 tendens,
582 1449 992 1572 quamdam·
1007 1447 1253 1524 villam
1298 1476 1545 1542 suam,
1599 1476 1686 1527 ac
1721 1448 2031 1543 realiter
2066 1469 2141 1528 et
2180 1452 2375 1528 effev-

160 1561 369 1636 ctiue
422 1555 919 1662 persolutam,
974 1557 1169 1631 inter
1206 1556 1477 1633 dietam
1514 1556 1906 1635 Ciuitatem
1943 1558 2197 1637 Riuuli
2223 1560 2376 1638 Do-

158 1666 566 1756 minarum,
589 1688 676 1738 ae
716 1663 1045 1738 Medium
1076 1681 1409 1741 montem
1445 1666 1681 1749 sitam,
1713 1663 2065 1761 habitam,
2096 1661 2375 1745 Thoth*

162 1771 368 1862 salu,
426 1772 602 1845 alias
642 1768 902 1847 Gerod
946 1787 1320 1861 vocatam,
1376 1771 1706 1873 legeuit,
1744 1769 2061 1876 legando
2110 1788 2373 1849 contu-

157 1881 289 1969 lit,
354 1875 822 1955 conferendo
858 1875 1210 1969 donauit,
1259 1875 1763 1980 donandoque
1801 1896 2210 1982 perpetuae
2243 1877 2375 1987 dq·

161 1986 473 2063 tationis
513 1986 1100 2060 testamentariae
1145 1984 1361 2061 titulo
1399 2010 1654 2061 coram
1699 1984 1918 2061 nobis
1961 1982 2194 2063 libere
2232 2013 2361 2063 re·-

160 2092 529 2196 signauit‚
581 2090 680 2165 sd
735 2089 1093 2194 hospitale
1147 2087 1359 2170 Beati
1393 2091 1685 2169 Nicolai
1733 2092 2236 2183 confessoris,
2284 2095 2367 2168 iu

164 2199 440 2277 endem
486 2197 737 2274 Riuuli
791 2198 1277 2277 Dominarum
1332 2200 1719 2291 existenti,
1773 2218 2177 2305 penpetue
2200 2226 2371 2278 een-
2456 2210 2470 2252 ‘-

163 2304 575 2398 sitandam‚
652 2330 823 2381 cum
895 2304 1243 2383 omnibus
1303 2323 1378 2385 et
1433 2305 1739 2411 singulis
1802 2310 1951 2384 suis
2015 2307 2367 2402 Juribus,

163 2412 543 2490 fructibus
602 2409 1062 2509 redditibus,
1151 2413 1692 2518 prouentibus,
1770 2433 1845 2492 et
1905 2415 2376 2541 pertinentiis.

161 2522 583 2604 uniuersis,
641 2518 985 2597 videlicet
1021 2520 1442 2612 montibuS,
1501 2523 1777 2613 vineis,
1814 2524 2084 2624 syluis,
2142 2523 2373 2604 terris

163 2626 626 2719 arabilibus,
722 2627 933 2704 cultis
998 2646 1074 2705 et
1149 2627 1482 2720 incultis,
1568 2629 1834 2735 pratis,
1907 2627 2310 2705 foenilibus
2339 2685 2366 2723 ‚

162 2733 658 2825 molendiniS,
732 2737 942 2836 aquis
996 2752 1072 2811 et
1121 2750 1485 2840 aquarum
1542 2723 1995 2830 decursibus
1999 2792 2018 2828 ‚
2089 2732 2365 2840 quibus

161 2840 485 2919 eandem
511 2840 864 2918 hactenus
897 2843 1177 2935 tenuit,
1233 2861 1309 2918 et
1343 2842 1708 2946 possedit,
1737 2818 1958 2918 simul
1992 2867 2164 2918 cum
2207 2842 2367 2918 vni-

162 2949 405 3026 uersis
423 2947 871 3023 literalibus
854 2949 1380 3033 mammeam,
1400 2973 1624 3053 super
1638 2947 1836 3026 facto
1855 2945 2181 3026 eiusdem
2200 2974 2375 3052 pos-v

165 3056 511 3132 sessionis
528 3056 889 3132 confectis
917 3074 993 3132 et
1023 3057 1408 3149 emanatis,
1448 3082 1605 3130 non
1629 3054 1990 3155 Magistro
2012 3112 2033 3149 ,
2068 3056 2188 3131 vel
2221 3057 2367 3130 Re·-

167 3167 360 3240 etori
414 3161 604 3238 dicti
646 3161 1089 3265 Hospitalis,
1146 3189 1287 3266 pro
1351 3180 1688 3268 tempore
1744 3170 2187 3253 constituto,
2242 3188 2366 3236 ne-

165 3291 314 3375 que
372 3271 453 3345 in
506 3268 835 3354 futurum
893 3266 1459 3393 constituendo,
1514 3269 1644 3345 sed
1680 3268 2139 3371 pauperibus
2183 3266 2368 3342 dun-

161 3393 368 3453 taxat
406 3377 698 3477 egenis,
755 3392 833 3450 et
861 3378 935 3449 in
983 3376 1242 3480 ριίιιιίε
1279 3378 1351 3451 in
1383 3378 1551 3480 ipso
1593 3374 1962 3480 Hospitali
1996 3377 2200 3451 Beati
2234 3375 2368 3450 Ni-

163 3482 359 3559 oolai
403 3481 944 3575 existentibus,
997 3500 1077 3558 et
1114 3483 1492 3574 extituris,
1550 3510 1637 3559 ac
1681 3510 1823 3588 pro
1854 3485 2187 3586 ipsorum
2234 3481 2367 3557 vsi·

163 3588 299 3670 bus
355 3607 438 3665 et
495 3589 876 3692 singulis,
924 3615 1381 3694 quocunque
1449 3607 1892 3668 censeantur
1949 3587 2366 3680 vocabulo,

167 3693 778 3787 necessitatibus,
852 3698 1135 3799 pariter
1200 3715 1274 3772 et
1321 3696 1783 3799 indigentiis,
1836 3715 1981 3801 pro
2042 3712 2121 3771 et
2176 3707 2373 3799 pure

169 3821 491 3907 propter
539 3804 784 3889 Deum
837 3803 1158 3879 totaliter
1207 3804 1585 3904 erogauit,
1639 3803 1948 3906 vultque
1988 3801 2188 3877 idem
2234 3805 2375 3878 Jo-

171 3932 401 3987 annes
437 3906 849 4002 Omechin,
904 3927 1163 3988 noster
1204 3908 1654 3986 coniuratus
1690 3935 1913 4011 super
1956 3908 2229 3992 dictus.
2289 3926 2370 3986 vt

175 4015 421 4094 nullus
455 4013 899 4109 haeredum,
957 4031 1091 4096 seu·
1133 4033 1669 4094 successorum
1686 4040 2038 4108 suorum,
2088 4042 2176 4092 ac
2216 4015 2368 4091 eti·-

178 4148 292 4198 am
351 4126 815 4216 Raetorum,
901 4124 1025 4199 vel
1087 4122 1651 4227 vMagistrormn⁸
1692 4123 1869 4201 dieti
1922 4120 2365 4227 Hospitalis,

182 4228 674 4333 prementium
718 4228 836 4306 vel
872 4229 1336 4326 futurorum,
1369 4230 1804 4337 quicunque
1835 4229 2147 4319 fuerint,
2204 4252 2365 4334 pos·
