2926 4849
2125 461 2274 578 ὅτε
2381 494 2385 498 ·

191 690 372 741 uum
416 662 924 764 relinquentes
964 662 1293 764 potentia
1325 661 1726 757 mediante,
1778 665 1859 741 in
1892 666 2231 769 ipsorum
2264 694 2388 743 ex-

192 774 630 874 ponentium
679 767 1166 873 preiudieium
1199 794 1286 842 ac
1322 767 1487 846 dam
1550 798 1730 845 num
1757 770 1991 848 valde·
2012 798 2385 878 magnum.

104 937 116 949 .
194 877 445 982 Super
505 905 659 980 quo
722 874 1053 948 fidelitati
1107 893 1389 949 vestrae
1470 798 1786 954 iii-miter
1857 880 2388 985 praecipiendo

191 982 666 1082 mandamus,
721 995 1085 1084 quatenus
1122 998 1452 1057 vestrum
1486 984 1786 1065 mittatis
1824 983 2203 1064 hominem
2236 1014 2382 1092 pro

191 1092 620 1167 testimonio
672 1088 1176 1191 fidedignum,
1252 1114 1407 1189 quo
1482 1110 1832 1192 presente
1878 1089 2387 1171 Dominus-de

190 1196 664 1301 Kapolycha‚
725 1195 846 1270 vel
906 1185 1351 1270 Benedictus
1415 1193 1602 1272 filius
1653 1196 2006 1292 ,Andreffi
2078 1219 2207 1276 aut
2247 1199 2387 1277 Pe-

187 1320 348 1380 trus
385 1302 484 1378 de
523 1299 1027 1402 Predisynch,
1082 1303 1200 1375 sin
1231 1298 1654 1404 Stephanus
1700 1302 1891 1379 filius
1942 1303 2389 1384 Horwathin

103 1495 118 1506 N
196 1409 290 1486 de
331 1409 609 1485 Eadem
635 1459 662 1500 ,
717 1410 874 1510 alys
909 1405 1358 1501 absentibus,
1415 1406 1640 1485 homo
1680 1428 1956 1506 noster,
2013 1413 2108 1489 nb
2152 1413 2389 1490 omni-

191 1515 372 1610 bus,
429 1516 704 1622 quibus
748 1514 1158 1608 incumbit,
1215 1542 1501 1590 meram
1551 1515 2088 1620 'depr-emissis
2144 1546 2390 1630 expe-

183 1625 422 1699 riatur
459 1625 912 1715 ,vet-itatem,
987 1648 1212 1723 quam
1270 1619 1570 1697 tandem
1632 1623 1850 1698 nobis
1905 1624 2411 1708 fideliterrer

185 1730 553 1806 scribatis.
649 1728 1050 1803 ‘Presentes
1101 1745 1389 1820 autem,
1465 1728 1892 1805 absentibus
1949 1733 2206 1836 sigillis
2250 1747 2389 1810 no*-

184 1840 397 1926 stris,
454 1836 698 1935 sigillo
751 1834 986 1911 fidelis
1020 1837 1259 1911 nostri
1305 1833 1935 1928 Reuerendissimi
1970 1841 2048 1913 in
2090 1834 2391 1916 Christo

184 1944 467 2035 Patris,
528 1942 828 2019 Domini
891 1945 1238 2044 Georgy,
1297 1941 1862 2048 Archiepiscopi
1932 1943 2383 2049 strigonien.

182 2047 621 2153 Vicat-iique
661 2068 912 2124 nostre
929 2049 1379 2138 ·-Maiestatis,
1417 2048 1731 2125 fecimus
1759 2053 2200 2155 consignari.
2239 2056 2391 2128 Da·-

181 2172 348 2231 tum
404 2158 656 2249 Bude,
711 2153 897 2228 feria
959 2172 1166 2230 sexta
1215 2157 1555 2257 proxima
1612 2176 1776 2260 post
1815 2156 2086 2254 festum
2133 2162 2387 2235 natiui-

182 2264 360 2338 tatis
394 2264 718 2367 Virginis
767 2261 1110 2364 gloriose.
1191 2266 1413 2344 Anno
1461 2261 1742 2337 domini
1780 2265 2168 2346 millesimo
2214 2293 2389 2368 qua·
2458 2355 2464 2364 .

188 2363 780 2473 dringentesimo
811 2370 1181 2470 trigesimo
1220 2387 1510 2470 quarto,
1580 2371 1738 2447 Nos
1778 2374 2029 2474 itaque
2073 2372 2388 2451 manda-

175 2480 277 2555 tis
332 2479 594 2556 Vestre
658 2475 1107 2553 Excellentie
1169 2474 1479 2552 obedire
1538 2482 1963 2581 cupientes,
2027 2499 2104 2556 vt
2164 2498 2395 2556 tene-1

173 2611 414 2678 mur,-
515 2584 929 2660 secundum
1011 2583 1438 2659 earumdem
1503 2583 1899 2663 ,literarum
1971 2604 2385 2664 vestrarum
2478 2620 2481 2623 ·

173 2693 751 2786 continentiam,
811 2719 949 2767 vna
1009 2719 1178 2767 cum
1226 2693 1744 2795 prenominato
1806 2696 2025 2768 Petro
2058 2695 2153 2769 de
2192 2694 2386 2770 Pre-

170 2797 530 2899 disyncb,
588 2799 885 2872 homine
920 2817 1216 2892 vestro,
1277 2814 1610 2874 nostrum
1660 2798 2038 2903 hominem
2080 2803 2386 2903 Grego-

168 2907 427 2996 rium‚
482 2905 704 2980 Chori
739 2903 946 2981 dicte.
987 2903 1318 2980 Ecclesie
1358 2922 1607 2979 nostre
1652 2906 2053 2999 Clericum,
2115 2908 2208 2980 ad
2255 2933 2383 2983 ex-

172 3010 530 3114 equenda
581 3013 933 3113 premissa
961 3029 1232 3086 *nostro
1291 3036 1433 3112 pro
1504 3013 1928 3089 testimonio
1988 3010 2403 3088 transmisi-·

164 3146 343 3199 mus
386 3118 533 3195 fide
572 3118 915 3221 dignuin,
971 3121 1100 3221 qui
1142 3115 1618 3219 postmodum
1649 3119 1920 3194 exinde
1959 3119 2051 3193 ad
2096 3146 2230 3194 nos
2272 3144 2384 3195 re-

165 3228 427 3318 uersi,
483 3227 697 3301 nobis
739 3218 1221 3309 concorditer
1259 3225 1713 3320 retulerunt,
1773 3226 1982 3329 quod
2020 3229 2161 3332 ipsi
2198 3254 2249 3327 n¹
2280 3229 2379 3301 vi·

164 3333 367 3410 cinis
405 3353 480 3409 et
529 3334 1059 3410 eommetaneis
1112 3332 1489 3406 nobilibus
1539 3351 1616 3406 et
1651 3335 1806 3434 alys
1847 3335 2375 3410 communibus

161 3440 642 3532 hominibuS,
673 3439 897 3531 sdicte
952 3441 1437 3544 possessionis
1487 3440 1868 3535 Orbowa,
1917 3441 2195 3543 quibus
2257 3439 2383 3517 de-

163 3547 449 3622 cuisset
497 3566 571 3621 et
598 3548 946 3639 licuisset,
1004 3547 1428 3649 diligentius
1472 3547 1567 3622 de
1604 3552 1972 3652 premissis
2006 3549 2382 3651 inquiren-

157 3650 318 3748 do,
376 3653 560 3728 hanc
597 3655 982 3728 sciuissent
1019 3661 1452 3748 veritatem3
1513 3654 1724 3756 quod
1761 3659 2011 3731 omnia
2058 3644 2382 3758 premis·-

151 3788 252 3836 -sa
286 3777 366 3834 et
405 3762 671 3862 queuis
711 3762 995 3864 singula
1032 3763 1605 3862 premissorum,
1660 3763 1771 3838 sie
1799 3780 2048 3838 essent
2086 3781 2162 3838 et
2205 3756 2408 3838 fuis-⁶

159 3885 346 3943 sent
400 3886 863 3973 perpetrata,
922 3885 1000 3942 vt
1047 3870 1389 3971 superius
1445 3885 1617 3944 sunt
1652 3875 2080 3974 consignata
2113 3926 2133 3963 ,
2191 3887 2270 3945 et
2299 3883 2415 3942 vt-

162 4001 267 4050 ea
298 3992 516 4050 tenor
551 3977 885 4050 continet
922 3974 1306 4048 literarum
1358 3993 1772 4051 vestrarum
1830 3976 2375 4082 predictarum,

159 4081 487 4186 dempto
502 4108 819 4159 numero
852 4080 1172 4187 pecunie
1208 4079 1607 4174 antediete,
1660 4082 1753 4157 ad
1785 4086 2140 4190 premissa
2175 4083 2376 4158 dam-

159 4217 340 4294 pna.
379 4214 460 4273 se
502 4231 746 4284 -,--
782 4226 894 4251 -·
931 4227 1036 4247 -
1073 4215 1304 4295 quam
1355 4186 1448 4265 ad
1504 4188 1811 4293 plenum
1860 4194 2052 4271 seire
2092 4193 2362 4298 nequi·
