2926 4849
1055 362 1071 408 Ι

652 418 826 538 ιη’
949 528 954 534 .

539 672 925 752 Michaelis
947 673 1077 777 lily
1112 686 1457 751 annotate
1481 671 1798 751 condam
1823 670 2144 757 Domina
2172 670 2564 751 Catbarine
2582 673 2726 754 sra-

537 784 670 860 tris
707 799 967 886 vtputa
1000 782 1313 858 carnalis
1355 778 1693 859 eiusdem
1717 779 1907 877 Petri
1945 772 2295 856 deuolute
2336 776 2731 880 existente,

536 889 764 992 ydem
823 889 1173 968 Nicolans
1223 886 1419 964 filius
1476 885 1878 993 Stephani,
1955 904 2036 964 et
2086 885 2379 964 nobilis,
2426 888 2730 967 domina

536 995 754 1075 Clara
790 1015 1093 1089 vocata,
1145 1022 1288 1101 per
1319 996 1688 1102 prefatum
1727 993 2023 1071 Petrum
2051 991 2150 1070 de
2186 990 2429 1071 Sadan
2489 993 2734 1098 legiti-

535 1130 741 1181 mum
777 1121 1343 1209 procuratorem
1374 1104 1608 1209 ipsius
1645 1100 2004 1207 Stephani
2042 1101 2170 1176 filii
2213 1099 2589 1179 Michaelis
2644 1104 2730 1181 in

537 1235 868 1316 persona·
920 1208 1257 1288 eiusdem
1305 1209 1571 1288 diebus
1616 1204 2213 1313 competentibus
2246 1207 2737 1312 prefatorum.

540 1334 975 1397 octauarum
1012 1317 1184 1394 sesti
1237 1315 1802 1423 epiphaniarum
1855 1311 2144 1391 domini
2193 1315 2569 1419 expectati
2618 1357 2735 1375 —

563 1466 643 1481 —
698 1465 811 1484 ·--
865 1457 962 1485 -·
1022 1461 1136 1484 --
1183 1462 1292 1521 ξ·-
1341 1460 1455 1484 --
1504 1424 1581 1500 in
1621 1422 2073 1529 presentiam
2111 1436 2268 1520 nou
2308 1422 2729 1547 venissent,

537 1548 1486 1716 tiqsszffifflzffiz
1517 1527 2730 1740 ssffffiss‘ffitssffsszsszssaflffszt

537 1742 830 1822 Dehinc
866 1743 1237 1850 praefatus
1268 1744 1717 1823 Procurator
1740 1741 2047 1827 ‚antelati
2086 1739 2445 1847 Stephani
2468 1742 2729 1821 volens

536 1851 1022 1958 prescriptam
1069 1850 1832 1957 possessionemssely
1883 1866 2219 1927 vocatam
2269 1847 2451 1931 Juri-
2497 1851 2733 1957 ipsius

538 1957 895 2062 Stephani
915 1960 1058 2039 rite
1087 1958 1467 2064 pertinere
1501 1956 1778 2035 debere
1811 1955 2216 2050 declarare,
2253 1954 2531 2032 litteras
2555 1982 2729 2062 pre·

536 2063 746 2141 libati
783 2063 1068 2157 domini
1102 2066 1334 2145 nostri
1376 2062 1836 2171 Sigismundi
1864 2062 2007 2142 sub
2054 2090 2191 2141 suo
2222 2081 2517 2141 secreto
2549 2065 2729 2142 alias

537 2188 851 2277 propter
910 2191 1388 2275 augmentum
1434 2176 1549 2248 sui
1596 2172 1791 2249 tituli
1844 2212 1954 2231 —-
2004 2208 2277 2235 --—-
2328 2211 2433 2224 -
2496 2212 2591 2228 —-
2647 2173 2731 2247 in

532 2282 823 2381 Regem
860 2280 1378 2357 Romanorum
1407 2278 1608 2357 facte
1646 2277 2041 2356 confracto
2074 2272 2317 2381 sigillo
2349 2277 2729 2355 confectas

515 2401 870 2470 nostrum
907 2383 1429 2491 produxerunt
1460 2390 1540 2463 in
1583 2400 2071 2492 conspectum
2120 2376 2476 2462 babentes
2524 2381 2728 2463 bunc

536 2508 917 2570 tenorem:
956 2492 1144 2571 Nos
1181 2492 1528 2598 Sigism
1551 2491 1803 2573 undu
1831 2519 1864 2569 s
1892 2491 2019 2569 dei
2053 2492 2286 2598 gratia
2319 2495 2484 2568 Rex
2518 2493 2727 2570 Hun-

451 2623 460 2636 ·
585 2602 778 2695 arie,
833 2599 1244 2693 Dalmatio,
1301 2600 1603 2680 Croatie
1644 2617 1792 2686 etc.
1826 2597 2320 2705 Marcbioque'
2357 2598 2769 2676 Eundem

529 2626 909 2891 Ξεῑῇξῗ.
925 2726 1075 2891 5:⁴²·
1097 2703 2068 2893 „ffffffifflssssffl
2088 2705 2731 2891 tumim·

529 2919 971 2998 mendamus
1001 2841 1162 3024 t{iger-
1198 2941 1627 3029 presentes,
1682 2920 1906 3012 Quod
1934 2923 2094 2999 Nos
2136 2917 2616 3000 consideratis
2645 2919 2733 2998 fi-

532 3022 848 3105 delitatis
875 3043 958 3104 et
992 3026 1323 3106 fidelium
1384 3029 1924 3131 obsequiorum
1975 3066 2732 3090 —————

529 3136 820 3213 meritis
862 3133 1099 3213 fidelis
1149 3137 1384 3215 nostri
1426 3138 1761 3238 Magistri
1801 3135 2110 3239 Georgii
2170 3132 2299 3211 filii
2366 3132 2729 3211 Jobannis

529 3240 665 3318 filii
703 3239 893 3320 Ostb
928 3242 1025 3319 de
1058 3242 1511 3321 Azzonfalua
1549 3270 1686 3348 per
1713 3244 1952 3350 ipsum
1982 3244 2062 3317 iu
2116 3242 2403 3319 cunctis
2454 3241 2728 3319 nostris

528 3367 606 3428 et
644 3349 893 3451 Regni
923 3350 1161 3426 nostri
1204 3347 1814 3452 expeditionibus
1847 3347 2232 3455 prosperis
2268 3368 2347 3427 et
2393 3347 2728 3426 aduersis

528 3456 907 3535 laborioso
945 3458 1353 3534 certamine
1403 3483 1575 3534 cum
1610 3481 1946 3561 sumpma
1986 3453 2365 3562 diligentia
2414 3452 2726 3563 fidelita-

527 3565 619 3640 tis
660 3561 1045 3641 feruenter
1083 3581 1159 3641 et
1192 3562 1703 3659 laudabiliter,
1754 3566 1995 3640 Juxta*
2012 3562 2243 3640 decus
2310 3581 2386 3641 et
2437 3562 2730 3640 libitum

526 3671 925 3747 voluntatis
969 3671 1240 3748 Nostre
1284 3670 1705 3748 Maiestatis.
1747 3671 1930 3748 locis
1978 3689 2052 3749 et
2098 3668 2561 3776 temporibus
2609 3670 2728 3761 in-

529 3775 1060 3855 cumbentibus
1097 3776 1443 3856 exhibitis
1483 3795 1562 3855 et
1596 3779 1999 3882 impensis,
2050 3782 2135 3853 In
2189 3777 2729 3882 premissorum
2776 3853 2781 3856 .

523 3885 782 3987 itaque
832 3907 1395 3991 recompensam
1451 3911 1561 3941 —
1612 3924 1726 3984 —e
1778 3927 1885 3960 —.-
1940 3925 2044 3940 —
2095 3922 2211 3941 -
2264 3925 2371 3941 —
2423 3910 2732 3963 ocurre-

522 4018 612 4067 re
650 4017 820 4069 cum
853 3986 1133 4068 fauore.
1173 3991 1535 4069 Nobilem
1569 3990 1949 4071 dominam
1987 3986 2470 4070 Katbarinam
2508 4018 2728 4070 voca·

443 4159 444 4166 a
526 4112 677 4176 tam
715 4097 947 4186 filiam
982 4096 1287 4177 Abrabe
1325 4098 1459 4178 filii
1495 4095 1777 4178 Bodela
1814 4100 1913 4176 de
1946 4098 2181 4202 Gely‚
2219 4099 2537 4206 bominis
2563 4095 2726 4179 abs-

524 4232 674 4312 que
701 4204 1072 4306 bendum
1111 4205 1377 4287 solatio
1408 4233 1633 4288 sexus
1660 4204 2054 4287 masculini
2100 4205 2197 4286 de
2245 4205 2498 4286 medio
2542 4203 2722 4320 sub·
