2926 4849
2128 486 2277 563 125

199 693 378 771 feri·
403 703 615 770 sexta
656 706 829 766 ante
883 690 1152 769 festum
1206 693 1682 771 Pentecosten
1704 747 1732 789 ,
1784 695 1865 770 in
1917 721 2121 772 anno
2168 696 2382 773 cuius

200 796 518 877 secunda
572 800 880 875 instaret
933 801 1350 892 reuolutiO,
1432 802 1768 877 animalia
1833 801 2043 877 Pauli
2092 801 2203 879 Ch
2204 830 2388 906 yur

203 907 373 983 dicti
407 904 501 981 de
529 905 953 1008 Chyzarzeg
991 904 1086 984 de
1121 906 1508 1011 frugibus
1486 934 1823 1011 ipsorum
1871 935 2016 1014 pro
2056 909 2399 987 inferen-

206 1014 307 1091 dis
343 1014 622 1092 damnis
658 1012 1044 1117 impellere
1082 1014 1529 1105 voluissent,
1587 1031 1764 1091 tunc
1799 1015 2169 1121 praefatus
2207 1019 2386 1095 Pau-

197 1122 301 1195 lus
342 1120 639 1223 Chyzar
694 1146 838 1193 vna
886 1146 1057 1196 cum
1112 1121 1450 1214 Jacobo,
1505 1119 1706 1197 dicto
1753 1123 2044 1217 Wako,
2100 1122 2403 1202 famulo

186 1254 363 1323 suo,
419 1253 520 1301 ex
548 1225 983 1302 inductione
1035 1244 1112 1303 et
1160 1221 1628 1330 instigatione
1671 1227 2021 1306 Ladislai
2049 1247 2126 1305 et
2182 1229 2397 1307 Petri

185 1332 505 1410 fratrum
535 1333 969 1424 carnalium,
1016 1332 1347 1410 eiusdem
1382 1335 1635 1426 Pauli,
1671 1335 1746 1410 in
1779 1337 1981 1438 ipsos
2016 1334 2397 1414 Anthoni

185 1470 311 1519 um
337 1458 420 1518 et
437 1437 694 1544 Steph.
715 1441 1099 1535 irruendo,
1129 1440 1323 1518 dicta
1351 1439 1695 1516 animalia
1733 1441 2020 1520 eisdem
2048 1440 2403 1546 impelle-

184 1546 2385 1780 3ῗοῖἰὲἕῖιὶἶᾝὶἒᾆῖἒὲἓῗέἲμηῖῗῖῗὲἒὲΐὲἶῖἱᾼηῖ

183 1779 389 1856 sent,
429 1778 508 1836 et
546 1760 899 1839 fecissent
936 1761 1323 1838 verberari
1360 1763 1809 1839 semiuiuum
1852 1760 2380 1866 relinquendo,

185 1869 495 1972 propria
548 1872 878 1971 potentia
935 1894 1072 1944 sua
1123 1868 1537 1962 mediante,
1593 1868 1672 1942 in
1719 1868 2258 1973 praeiudicium
2308 1884 2397 1948 et.

184 1974 597 2050 damnum
573 2000 907 2078 ipsorum
963 1975 1242 2050 Prioris
1282 1994 1357 2050 et
1389 1977 1849 2070 Conuentus‚
1887 2001 1975 2052 ac
2013 1975 2385 2053 laesorum

187 2079 569 2158 dictorum
662 2082 1021 2158 Anthonii
1104 2103 1183 2162 et
1277 2080 1632 2185 Stephani
1722 2107 1883 2157 non.
1975 2080 2405 2164 modicum..

191 2191 464 2265 Datum
507 2204 720 2263 sexto
758 2185 881 2264 die
923 2189 1070 2265 diei
1103 2185 1596 2290 'inquititionis
1657 2186 2103 2292 praedictae.
2156 2186 2387 2264 Anno

194 2296 495 2371 Domini
522 2294 913 2372 Millesimo
943 2295 1675 2401 quadringentesimo
1708 2296 2075 2402 vigesimo
2104 2292 2383 2374 nono.“

270 2436 320 2495 Β
352 2430 715 2496 membrana
735 2415 1048 2517 ⁸originali·

1109 2592 1470 2699 xxvm.

200 2735 517 2809 capimus·
553 2737 968 2808 rupa-iunioris«
999 2742 1254 2793 Οοηιίωηι
1287 2737 1619 2811 Reginalem
1651 2737 1716 2792 do
1762 2737 2062 2792 Talnam
2075 2737 2256 2810 facea
2295 2739 2389 2795 ἕν’-ὲ

380 2830 646 2900 ruptione
692 2830 771 2882 ad
813 2830 1014 2899 Faad,
1062 2844 1228 2885 accus
1265 2833 1643 2899 poterium-ios
1687 2843 2044 2901 perpete-aus
2095 2831 2282 2898 resen.
2318 2829 2387 2887 A.

388 2918 553 2975 1429.
1175 2952 1176 2955 =

392 3031 890 3110 Serenissimo
931 3025 1260 3136 Principi
1296 3032 1623 3109 Domino
1672 3031 2199 3135 sigismundo,
2246 3032 2389 3110 Dei

213 3141 437 3264 gratia
467 3143 984 3217 Romanorum
1017 3142 1247 3243 Regi,
1290 3166 1588 3245 semper
1622 3141 2005 3241 Augusto,
2063 3158 2138 3223 et
2179 3140 2391 3214 Hun-

206 3252 487 3353 gariae,
561 3246 997 3340 Bohemiae‚
1053 3249 1497 3339 Dalmatiae,
1555 3247 1894 3323 Croatiae
1953 3263 2091 3323 etc.
2148 3244 2387 3346 Regi,

204 3358 527 3431 Domino
582 3356 919 3478 ipsorum
989 3354 1432 3448 metuende,
1535 3352 1955 3459 Capitulum
2020 3354 2394 3433 Ecclesiae

207 3459 812 3568 wesprimiensis
869 3462 1244 3541 orationes
1300 3464 1378 3535 in
1430 3462 1758 3537 Domino
1826 3457 2108 3536 debitas
2151 3474 2241 3537 et
2272 3458 2395 3553 de-

207 3589 428 3665 notas.
488 3568 752 3644 Vestra
795 3568 1096 3644 nouerit
1129 3565 1565 3657 serenitas,
1621 3570 1869 3644 literas
1922 3583 2213 3643 vestras
2253 3593 2398 3641 an-

206 3657 454 3753 nuales
473 3703 613 3778 pro
627 3662 1008 3776 religioso
1010 3693 1085 3749 et
1113 3673 1514 3777 Magnifico
1536 3675 1699 3750 viro
1716 3676 1945 3749 -.Dom
1962 3671 2280 3757 Alberto
2301 3671 2398 3748 de

209 3780 634 3888 Nagmihal‚
689 3782 946 3859 Priore
983 3780 1372 3872 Auranae‚
1417 3799 1495 3856 et
1535 3783 1933 3859 Conuentu
1974 3778 2402 3857 Crucifero

213 3914 373 3967 rum
411 3887 784 3967 Ecclesiae
820 3885 903 3962 Β.
962 3890 1182 3989 Regis
1219 3836 1581 3988 Stephani
1615 3888 1707 3963 de
1732 3885 1973 3979 Alba,
2025 3886 2172 3962 ad
2154 3888 2402 3988 mqui-

218 3998 554 4091 sitiones,
623 3994 1146 4087 euocationes,
1215 3994 1797 4095 prohibitiones,
1872 4010 1948 4070 et
1995 3991 2088 4067 ad
2151 3994 2400 4068 omnia

222 4100 388 4199 alia,
446 4130 640 4210 quae
678 4104 945 4179 talibus
985 4107 1061 4175 in
1109 4102 1633 4207 processibus,
1689 4102 1892 4179 iuxta
1952 4097 2130 4175 dicti
2189 4097 2405 4200 regni

225 4213 433 4287 vestri
495 4208 1116 4288 consuetudinem
1179 4206 1338 4284 fieri
1415 4232 1829 4285 consueue1
1836 4226 1967 4283 unt
2030 4205 2406 4296 facienda,
