2926 4849
2071 536 2168 605 ιτ
2297 634 2308 639 ι

192 762 243 820 οι
273 740 440 818 filium
468 744 621 818 eins
645 732 958 834 llamuffi
993 765 1160 816 cum
1199 766 1334 816 sex
1361 744 1694 845 cognatis
1724 743 2283 822 eorumdem—

189 851 260 924 de
293 852 415 925 villa
448 853 696 939 Basta,
752 848 887 951 qui
935 845 1029 921 de
1079 845 1611 925 altioribus
1660 850 2278 953 Jobbagyonibus

184 959 346 1033 castri
373 954 784 1033 Bolonduch
813 952 1111 1028 oriundi
1137 953 1453 1050 fuerant,
1496 994 1607 1017 --
1640 954 1730 1031 de
1766 957 2277 1062 Jobbagiona-

182 1082 271 1140 tus
304 1063 677 1149 conditione
735 1061 955 1137 castri
1012 1060 1419 1163 praedicti,
1477 1090 1623 1166 qua
1680 1062 1907 1140 iidem
1949 1066 2283 1142 adstricti

180 1170 572 1262 tenebantur3
660 1169 756 1244 de
827 1170 1027 1269 regia
1086 1166 1425 1245 libertate
1485 1170 1782 1274 penitus
1834 1174 2286 1268 eximentes,

188 1277 263 1351 ad
297 1276 652 1353 libertatem
706 1293 786 1350 et
837 1299 1231 1351 numerum
1271 1291 1745 1351 caeterorum
1803 1282 2285 1355 seruientium

172 1399 530 1458 nostrorum
583 1383 987 1486 regalium,
1062 1405 1266 1458 cum
1321 1385 1623 1459 terris
1686 1385 2286 1490 eorumdem,

172 1514 324 1593 quas
366 1488 689 1566 hahent
745 1487 1500 1582 haereditarias,
1577 1485 1922 1567 duximus
1981 1493 2288 1568 transfe-

164 1594 455 1671 rendos.“
531 1598 742 1672 Anno
808 1600 1032 1669 1268.
1089 1592 1501 1699 Stephanus
1547 1637 1637 1655 --
1692 1597 2018 1674 eundem
2073 1596 2292 1675 Mar-

165 1703 417 1795 cellum,
464 1721 535 1778 et
569 1729 710 1806 per
759 1704 1003 1806 ipsum
1046 1700 1351 1793 frutra,
1409 1704 1585 1775 Ivan
1629 1703 1977 1782 videlicet
2022 1723 2099 1781 et
2132 1706 2288 1782 Be-

162 1809 304 1900 che,
359 1835 487 1885 nec
543 1836 694 1885 non
755 1826 1108 1908 cognatos
1172 1807 1505 1884 eiusdem
1566 1851 1675 1869 —
1737 1812 1912 1885 villa
1964 1809 2289 1914 Septhe,

155 1914 593 2019 Jobbagiones
629 1915 1103 2009 castriferrei‚
1157 1913 1252 1991 de
1293 1940 1403 2018 ge
1427 1946 1474 1988 n
1498 1917 1757 1991 erati
1781 1945 1828 1993 o
1853 1947 1900 1992 n
1924 1945 1965 1992 e
2006 1919 2289 1993 Chur-
2345 1918 2350 1921 ’

156 2050 332 2127 nug,
390 2024 730 2117 eosdem,
785 2051 870 2098 ac
911 2046 1046 2125 per
1078 2025 1277 2126 ipsos
1324 2048 1496 2098 suos
1521 2021 1808 2095 ‘liberos
1848 2046 1930 2098 et
1972 2031 2287 2100 vniuer-

151 2156 228 2206 sos
272 2148 605 2233 posteros
642 2157 781 2232 per
824 2130 1177 2204 directam
1216 2129 1485 2204 lineam
1523 2129 1617 2202 ab
1658 2129 1938 2206 eisdem
1978 2129 2285 2206 descen·

154 2236 396 2330 dentes,
474 2266 518 2312 a
572 2237 1104 2341 iobbagionatu
1151 2236 1373 2311 castri
1427 2235 1794 2340 praedicti
1855 2237 2291 2343 simpliciter

151 2346 535 2438 eximentes,
589 2346 667 2420 in
700 2369 1095 2420 numerum
1136 2342 1620 2419 seruientium
1665 2358 2094 2421 nostrorum
2119 2346 2291 2422 No-

151 2447 890 2542 biliumffltranstulimus
942 2478 1115 2526 cum
1158 2451 1504 2525 omnibus
1542 2451 2132 2552 possessionibus
2167 2479 2293 2530 eo-

149 2560 423 2638 rumdem
491 2558 1155 2635 hereditariis
1225 2557 1639 2660 empticiis,
1697 2575 1773 2634 et
1833 2584 2291 2664 quocunque

145 2666 274 2743 iusto
314 2669 538 2742 titulo
585 2666 932 2768 aquisitis
990 2663 1342 2752 Quarum
1382 2667 1713 2739 omnium
1753 2670 2289 2770 proprietatem

146 2773 276 2874 apud
310 2773 623 2850 eosdem
661 2789 737 2848 et
783 2797 953 2849 suos
984 2788 1324 2874 posteros
1360 2768 1704 2848 duximus
1747 2772 2286 2877 perpetualiter

143 2879 700 2986 relinquendam“
747 2898 888 2956 etc.
959 2878 1317 2953 Translati
1351 2895 1524 2952 sunt
1562 2881 1901 2954 nonnulli
1931 2904 2101 2955 cum
2145 2899 2287 2957 ter-

145 3013 193 3060 ra
219 2993 423 3066 etiam
487 2987 586 3062 ad
628 2985 775 3062 duo
816 2987 1101 3059 nonnisi
1141 3005 1377 3059 aratra
1422 2987 1839 3061 sufficienti:
1904 2985 1999 3061 V.
2039 2986 2279 3065 dona-

147 3096 345 3173 tionem
393 3092 712 3172 Andree
750 3119 943 3168 anno
987 3098 1216 3170 1293.
1262 3091 1579 3166 familiae
1628 3090 1896 3192 Sigray
1939 3111 2279 3170 castren-

141 3202 181 3271 si
216 3229 642 3282 concessam.
713 3199 863 3273 Alii
909 3199 1108 3273 inter
1153 3198 1660 3302 Jobbagiones
1698 3198 1777 3271 S.
1837 3203 2063 3303 Regis
2107 3220 2279 3279 sunt

139 3309 370 3410 eleuati3
464 3305 898 3411 complures
934 3305 1339 3396 ·EcclesiiS‚
1416 3332 1503 3379 ac
1567 3303 1966 3390 Nobilibus
2031 3311 2272 3403 veris,

139 3439 232 3491 mm
278 3420 523 3496 terris
577 3417 720 3489 suis
770 3413 1053 3488 collati:
1120 3411 1355 3487 Vide·
1417 3413 1921 3489 Amoenitates
1980 3414 2117 3490 Ad.
2176 3411 2270 3492 G.

139 3521 318 3600 Kollar
354 3528 591 3600 Parte
629 3523 715 3595 ΙΙ.
759 3520 1043 3594 Literas
1091 3517 1402 3592 Ladislai
1437 3513 1530 3592 ad
1570 3546 1684 3595 an.
1734 3527 1960 3597 1279.

272 3633 385 3731 6.)
453 3626 811 3719 Nobiles,
880 3624 1055 3702 alias
1101 3624 1611 3729 sobbagiones
1670 3625 1926 3704 Sancti
1996 3631 2268 3734 Regis,

140 3742 396 3840 eginae,
505 3733 673 3808 Filii
734 3732 837 3807 S(
873 3736 1065 3836 regis
1103 3788 1125 3824 ‚
1194 3757 1283 3807 ac
1345 3733 1600 3808 Sancti
1663 3733 2013 3810 Ladislai:
2083 3737 2155 3812 hi
2222 3764 2268 3815 e

140 3849 365 3924 eculiis
432 3840 702 3917 Sancti
756 3837 1151 3941 Stephani,
1240 3839 1585 3932 Gizelae',
1657 3838 1734 3915 S.
1797 3841 2119 3920 Emerici
2179 3872 2266 3922 ac

140 3956 307 4030 aneti
362 3948 706 4028 Ladislai
761 3945 959 4024 nacti
1014 3965 1185 4022 sunt
1253 3946 1647 4052 portiones
1691 3949 1851 4025 iure
1916 3976 2044 4027 vsu
2097 3950 2300 4026 fru-'

140 4066 383 4154 mario,
467 4082 561 4130 ac
612 4054 1147 4144 haereditarie,
1200 4053 1339 4128 sub
1397 4053 1760 4130 militandi
1794 4055 2266 4159 obligdmine.

139 4190 380 4246 uei-ant
429 4185 860 4268 peraeque
899 4161 979 4235 in
1023 4178 1299 4236 turmas
1336 4157 1588 4246 diuisi,
1629 4171 2134 4266 regem-*exim
2161 4194 2319 4265 102..=

140 4305 272 4353 mm
327 4277 601 4362 etiam
648 4264 829 4350 belli
887 4268 1197 4365 secuti3.
1244 4286 1642 4346 caeterum·
1679 4298 1721 4345 a
1774 4274 2276 4352 castrensibus

169 4385 386 4462 Tom.
432 4380 550 4455 X.
586 4376 751 4452 Vol.
785 4375 944 4450 VII.
994 4374 1061 4450 b.
1844 4384 1893 4453 2
