2926 4849
2142 493 2292 574 173

149 687 152 688 ⁷
189 677 574 787 inis‘issent
611 746 715 764 —
753 748 856 763 -
891 681 1923 813 prescriptamm'litterarum
1968 694 2229 813 ipsius*
2260 710 2401 787 Do-

191 817 384 892 mini
415 818 652 893 nostri
690 816 914 921 Regis
949 814 998 887 J
1003 812 1431 889 udicialium
1472 837 1551 886 se
1590 818 1667 886 in
1704 812 2008 896 Judieiis
2042 817 2397 894 conuinei

197 923 724 1028 permittendo·
758 923 1021 998 Tertio
1056 929 1239 996 vero
1274 937 1353 996 et
1394 919 1654 996 vltimo
1691 919 1870 996 dum
1914 922 2169 1000 Petrus
2202 923 2396 1002 fitius
2536 937 2541 942 ’

190 1025 668 1109 Joh'annisde
699 1030 955 1131 Lyzko
993 1054 1083 1103 ex
1107 1025 1396 1131 prefata
1427 1028 1742 1105 Domina
1770 1028 2195 1106 ‘Katharina
2224 1057 2398 1135 pro·

184 1139 534 1229 creatus,
559 1163 562 1166 ’
589 1135 849 1214 eadem
893 1136 1208 1211 Domina
1248 1134 1547 1210 interim
1589 1133 2041 1230 decedente,
2097 1156 2177 1214 et
2211 1138 2396 1214 iuri·

180 1239 328 1319 bus
365 1238 598 1349 ipsius
640 1245 715 1318 in
756 1240 1074 1334 eundem
1111 1244 1405 1319 Petrum
1444 1239 1924 1319 filiumsuum
1962 1245 2179 1320 simul
2218 1265 2393 1324 cnm

179 1365 414 1428 causa
442 1354 840 1455 praemissa
864 1347 1679 1434 condescendent.ibus,³
1697 1353 2114 1456 Assumptis
2143 1376 2393 1427 secum

186 1458 593 1559 Damyano
628 1455 724 1532 de
760 1459 1088 1558 Mestery
1132 1457 1338 1558 regio
1386 1471 1466 1531 et
1527 1455 1912 1533 Demetrio
1961 1457 2248 1536 clerico
2287 1497 2392 1515 --

178 1604 287 1623 ·-—
330 1564 670 1641 Ecclesie
708 1563 884 1641 dicti
926 1563 1240 1669 Capituli
1278 1563 1745 1640 Castriferrei
1781 1563 2205 1641 hominibus
2223 1623 2251 1662 ,1
2289 1566 2394 1640 fe·

177 1676 291 1747 ria
337 1673 559 1750 tertia
606 1690 775 1776 post
808 1669 1259 1758 dominicam
1312 1670 1767 1761 Quasimodo
1810 1673 2081 1773 geniti,
2145 1676 2222 1749 in
2263 1700 2391 1747 an-

178 1807 284 1855 no
341 1779 649 1856 Domini
690 1778 1161 1866 MCDXXV.
1221 1791 1682 1862 transactam.
1737 1777 1866 1853 Ad
1909 1776 2170 1855 faciem
2202 1805 2389 1884 pre-

179 1887 573 1961 nominate
613 1885 1088 1992 possessionis
1125 1887 1321 1988 Gely
1356 1902 1657 1981 vocate,
1714 1883 1942 1960 modo
1994 1886 2214 1966 simili
2264 1888 2390 1962 vi·-

180 1994 378 2069 ‘cinis
422 2006 499 2066 et
542 1992 1070 2070 commetaneis
1114 1989 1443 2068 ciusdem
1472 1993 1992 2096 praesentibus
2026 1992 2389 2071 acceden-

178 2098 328 2194 do,
385 2123 624 2202 seque
666 2126 803 2205 per
842 2097 1142 2175 eosdem
1181 2102 1475 2202 regium
1511 2115 1588 2174 et
1633 2095 1811 2174 dicti
1858 2098 2192 2202 Capituli
2239 2099 2388 2177 lno-

180 2209 428 2283 mines
465 2208 541 2280 in
578 2204 989 2282 dominium
1026 2207 1258 2312 ipsius
1295 2207 1777 2310 possessionis
1803 2206 2127 2311 legitime
2158 2207 2389 2284 intro-

181 2314 411 2409 duci,
467 2330 544 2387 et
581 2315 815 2418 ipsam
852 2313 989 2390 sihi
1044 2314 1512 2390 statuifacere
1573 2316 1942 2392 voluisset.
1997 2315 2211 2390 Tunc
2252 2315 2388 2391 Ni·

182 2419 443 2498 colaus
474 2417 713 2502 dictus
748 2419 1109 2498 Chondor
1143 2420 1294 2497 illic
1315 2420 1815 2528 personaliter
1850 2418 2387 2527 compat-endo,

180 2531 255 2602 in
301 2529 648 2635 personis
681 2526 974 2605 Nobilis
1008 2531 1334 2607 Domine
1375 2527 1598 2604 Clare
1630 2522 2012 2606 'consortis
2058 2527 2385 2605 Michae-

179 2633 268 2710 lis
310 2635 414 2710 de
452 2635 851 2737 Gemerew
890 2634 1038 2712 filie
1057 2635 1334 2713 scilicet
1365 2635 1751 2735 Laurenty
1787 2634 1884 2712 de
1918 2632 2119 2715 dieta
2158 2636 2382 2739 Gely‚

182 2758 260 2818 et
291 2742 578 2848 prefati
613 2740 902 2818 Nicolai
947 2742 1071 2818 filii
1110 2742 1468 2848 Stephani
1521 2742 1617 2819 de
1657 2740 1965 2835 eadem,
2021 2742 2171 2849 Ipsi
2215 2771 2387 2849 pos-

183 2847 624 2926 sessionarie
671 2847 1218 2926 introductioni
1264 2851 1772 2927 et‘statutioni
1824 2851 2122 2955 prefato
2165 2853 2387 2931 Petro

189 2951 428 3031 fiende
469 2953 1058 3052 contradixisset,
1089 2955 1585 3060 quamobrem
1624 2959 1768 3062 ipsi
1803 2960 2082 3061 Regius
2112 2975 2191 3034 et
2224 2983 2387 3065 pre·

194 3056 322 3136 sati
366 3063 686 3167 Capituli
733 3062 1068 3139 homines
1118 3065 1481 3169 prefatam
1528 3066 1920 3140 Dominam
1964 3064 2252 3141 Claram
2310 3084 2388 3145 et

191 3168 580 3245 Nicolaum
636 3168 918 3246 ibidem
981 3190 1056 3246 et
1092 3211 1197 3225 -—·
1242 3210 1347 3229 ——
1395 3212 1500 3229 —-
1544 3173 1621 3248 in
1666 3170 1855 3247 facie
1903 3175 2385 3277 possessionis

188 3293 446 3353 contra
485 3294 914 3353 annotatum
953 3278 1255 3356 Petrum
1310 3316 1416 3335 ·—-
1468 3316 1582 3339 -
1622 3342 1629 3355 ,
1630 3316 2386 3338 —————

186 3518 225 3565 a
263 3491 696 3598 quibusque
717 3490 914 3567 idem
941 3492 1226 3573 octauis
1260 3492 1436 3569 dum
1456 3495 1616 3598 ipsa
1649 3521 1862 3570 causa
1904 3513 2149 3599 partes
2185 3495 2385 3572 inter
2492 3562 2497 3571 ,

186 3616 614 3704 prenotatas
645 3596 1054 3675 secundum
1093 3601 1590 3678 continentias
1620 3603 1765 3678 iam
1797 3602 2170 3699 dictarum
2196 3605 2385 3681 litte*

187 3733 444 3782 rarum
535 3708 983 3781 renominati
1032 3707 1339 3785 Domini
1392 3712 1630 3787 nostri
1683 3711 1913 3814 Regis
1956 3751 2066 3772 --
2105 3744 2213 3768 -··
2258 3736 2384 3787 va·

185 3812 300 3888 rio
334 3839 463 3888 mo
521 3839 568 3888 o
603 3810 1091 3909 ventillando,
1127 3812 1669 3921 vltimatimque
1706 3843 1796 3891 ex
1840 3818 2385 3915 transmissione

188 3919 212 3992 i
264 3923 411 3995 sius
455 3921 757 3997 Domini
778 3918 1034 3998 Nostri
1075 3924 1660 4021 Regisfnostram
1697 3924 2251 4028 inpresentiam
2291 3922 2391 4005 nd

238 4028 420 4102 ictas
461 4042 761 4104 octauas
803 4028 974 4106 sesti
1017 4024 1598 4135 Epiphania'rum
1672 4029 2016 4125 Domini,
2076 4030 2386 4109 deueni-

189 4150 355 4210 e'nte
390 4132 688 4242 prefato
732 4132 958 4216 Petro
993 4136 1278 4214 Actore
1299 4136 1555 4213 medio
1593 4154 1936 4243 tempore
1971 4136 2237 4216 abhoc
2268 4164 2385 4218 se·

194 4239 800 4348 commigrante,
854 4259 930 4322 et
978 4242 1133 4349 ipsa
1191 4268 1411 4323 ‘causa
1467 4284 1571 4302 --
1632 4282 1901 4305 -’--
1954 4286 2061 4313 -
2113 4280 2226 4308 --
2281 4280 2382 4309 -·
