2926 4849
2069 456 2292 563 ·55ι

366 661 459 743 ad
492 686 782 747 causam
818 690 1028 744 suam
1071 662 1437 749 mediante
1476 662 1748 742 iustitia
1786 658 2341 769 quaerendam,

378 770 514 848 sub
563 800 804 876 poena
830 771 1333 861 infidelitatis,
1384 775 1633 849 inuiat.

167 875 430 955 CXIII.
482 881 699 961 Idem
741 880 1243 986 Norimberga
1275 880 1556 956 Italiam
1606 883 1974 984 petiturus
2024 876 2124 956 ud.
2179 880 2364 956 ΒΨ·

371 1014 534 1063 cem
576 987 1253 1083 Mediolanensem,
1311 984 1633 1065 foederis
1682 985 2058 1092 pangendi
2100 1012 2343 1076 causa,

372 1095 708 1179 Nuncios
747 1096 963 1200 plena
1006 1118 1207 1173 cum
1221 1110 1582 1199 potestate
1616 1096 1927 1199 ablegat.

160 1198 427 1276 CXIV.
478 1202 689 1278 Idem
731 1228 906 1280 cum
950 1202 1328 1308 Philippo,
1382 1200 1791 1281 Mediolani
1863 1203 2115 1293 Duce,
2169 1199 2341 1277 bel-

364 1304 523 1384 lum
570 1328 831 1395 contra
893 1308 1265 1402 Venetos,
1316 1335 1412 1389 nc
1462 1308 1789 1395 liberum
1840 1326 2342 1389 commeatum

368 1414 803 1495 Mediolano
838 1442 1070 1519 vsque
1102 1415 1447 1512 Romam,-
1484 1417 1899 1521 paciscitur.

153 1520 383 1597 CXV.
418 1521 625 1605 Idem
652 1542 823 1627 pro
830 1525 1127 1601 Iudaeis
1146 1525 1834 1628 manscriptionales
1854 1522 2177 1653 Capituli
2210 1519 2341 1599 Al-

363 1630 618 1707 heusis
651 1631 898 1709 literas
932 1633 1319 1711 transumit
1344 1657 1437 1712 ac
1465 1630 1806 1710 roborat.

153 1734 421 1813 CXVI.
476 1738 683 1817 Idem
728 1739 973 1817 literas
1026 1741 1592 1844 Praepositurae
1647 1736 1742 1815 Β.
1788 1734 1895 1814 M.
1950 1733 2358 1840 Magdala-⁴

178 1904 183 1907 -
360 1872 507 1920 nae
546 1842 640 1923 de
675 1845 864 1922 Eors
900 1846 1245 1931 alienatas
1274 1866 1361 1923 ac
1400 1844 1866 1951 deperditas,
1937 1846 2339 1935 instaurat,

362 1953 527 2026 iura
570 1979 981 2057 omnesque
1019 1956 1515 2055 possessiones
1547 1950 1952 2027 confirmat.

157 2057 453 2139 cxvfl.
507 2059 715 2139 Idem
766 2058 1078 2139 subditis
1135 2061 1517 2137 Prioratus
1547 2061 1894 2136 Aurariae
1929 2080 2352 2161 praeroga--²

369 2170 558 2244 tinas
590 2168 914 2271 largitur.

159 2270 483 2349 CXV'III.
541 2273 747 2351 Idem
777 2276 825 2348 J
828 2273 1287 2380 obbagiones
1324 2299 1410 2350 ac
1446 2269 1837 2348 familiares
1865 2288 2171 2376 praeter
2207 2294 2343 2347 su-

360 2398 609 2462 osmet
659 2382 1005 2461 dominos
1053 2381 1149 2457 ab
1195 2378 1349 2456 alus
1377 2378 1725 2476 iudicari
1775 2381 2163 2473 arrestari,
2213 2393 2340 2454 aut

365 2488 752 2592 prohiberi
800 2509 1016 2566 vetat.

155 2595 420 2672 CXIX.
472 2596 683 2674 Idem
725 2598 1102 2702 Gregorio
1138 2621 1229 2671 ac
1276 2593 1618 2671 Ladislao
1651 2595 1748 2672 de
1785 2593 2020 2738 Dohri
2065 2613 2205 2672 etc.
2249 2593 2332 2668 li·

360 2721 561 2782 teras
590 2703 905 2784 armales
952 2707 1324 2809 elargitur.

155 2811 383 2890 CXX.
440 2811 651 2892 idem
699 2831 1079 2914 tempore,
1134 2812 1345 2887 cuius
1402 2808 1724 2886 necdum
1777 2807 2165 2914 praeteriit
2211 2834 2339 2882 an-

361 2946 513 2993 nua
555 2921 972 3015 reuolutio,
1031 2921 1308 3004 eiectos
1342 2917 1612 3021 reponi
1650 2916 1881 2992 iubet.

159 3021 419 3101 CXXI.
450 3026 662 3104 Idem
699 3028 996 3103 Ciuitati
1019 3023 1546 3129 Nordlingensi
1577 3049 1805 3128 super
1835 3022 2137 3102 florenis
2160 3029 2339 3096 200.

370 3133 885 3235 quietantiales
921 3133 1113 3212 edit.

157 3237 452 3315 CXXII.
508 3241 720 3316 Idem
785 3240 1124 3317 Ladislao
1176 3234 1452 3341 Chnpi,
1502 3263 1640 3314 suo
1680 3233 2104 3313 secretario
2164 3240 2336 3308 800.

360 3345 557 3426 finos
584 3344 883 3426 addicit.

155 3453 496 3532 CXXIII.
549 3455 773 3532 Idem
787 3456 1033 3532 eidem
1076 3453 1256 3527 alios
1304 3459 1483 3538 600.
1539 3448 1862 3527 florenos
1913 3447 2263 3525 attribuit.
2349 3520 2357 3538 .

156 3560 489 3637 CXZIV.
563 3561 771 3638 Idem
828 3562 1202 3668 Gregorio
1254 3560 1533 3637 Comiti
1591 3559 1842 3634 Haller
1897 3555 2340 3638 sententiam

361 3691 509 3771 pro
546 3696 816 3748 sorore
861 3673 1087 3773 ipsius
1124 3668 1339 3746 Clara
1378 3664 1791 3744 confirmat.

161 3777 458 3852 CXXV.
513 3776 724 3854 Idem
794 3802 1058 3882 pacem
1121 3776 1497 3878 publicam
1587 3801 1730 3878 pro
1789 3789 1953 3850 toto
2012 3769 2337 3873 Imperio

364 3884 623 3962 sancit.
1503 3907 1510 3910 ·

163 3986 491 4066 cxxvl.
544 3991 754 4071 Idem
789 3992 1067 4074 comiti
1097 3990 1327 4072 Ciliae
1357 3987 1847 4066 Hermanno
1828 4012 1941 4064 ms
1982 3978 2337 4062 metallo·-

361 4101 1101 4180 rumeruendorum
1084 4129 1159 4178 in
1199 4096 1596 4178 omnibus
1577 4122 1807 4200 ipsius
1847 4091 2344 4200 possessioni-

367 4203 509 4285 bus
546 4207 906 4288 concedit.
