2926 4849
678 458 831 532 098

506 633 515 662 “
571 666 778 747 „aaa
829 662 1511 772 „scripuomubm
1563 658 1995 750 continetur
2052 660 2521 738 neom-ineat
2563 715 2587 757 ,
2680 683 2769 743 οι

568 773 865 852 tandem
906 774 1106 880 juxta
1144 769 1698 860 sententiat-iam
1739 765 2330 865 commissionem
2374 766 2552 844 dicti
2605 770 2766 847 Co-

552 884 764 962 ·mitis
802 882 1072 960 Jacobi
1126 878 1582 966 diuisissent,
1653 889 1883 977 prout
1940 873 2014 948 in
2074 871 2454 974 prioribus
2508 876 2763 953 literis

564 992 832 1065 nostris
861 988 1317 1078 declaratur,
1356 1003 1430 1068 et
1460 997 1798 1090 quartam
1829 976 2236 1055 earundem
2277 999 2563 1083 partem
2601 984 2759 1058 Va.

567 1094 856 1171 lentino
896 1095 1048 1172 filio
1098 1091 1515 1178 Valentini,
1573 1106 1647 1164 et
1694 1083 2031 1163 Michaeli
2078 1084 2228 1162 filio
2281 1089 2591 1193 Georgy
2647 1090 2754 1167 de

566 1191 989 1280 Halastow⁶
1021 1202 1552 1301 assignassent,
1649 1197 1971 1298 aliasque
2023 1192 2431 1288 earundem
2495 1216 2759 1301 partes

570 1307 951 1413 Stephano
981 1307 1132 1384 filio
1176 1305 1496 1401 Mathie,
1532 1319 1609 1378 et
1647 1303 1974 1404 Georgio
2008 1297 2161 1374 filio
2199 1297 2512 1394 Mathei»,
2571 1330 2753 1381 cum

564 1416 909 1493 omnibus
962 1412 1386 1493 earumdem
1452 1407 1881 1502 vtilitatibus
1939 1424 2309 1513 perpetuo
2360 1409 2753 1512 possiden·

567 1519 694 1597 das
726 1524 1138 1599 statuissent
1174 1540 1241 1594 et
1287 1520 1837 1595 commisissent.
1903 1515 2172 1590 Datum
2220 1515 2295 1587 in
2329 1514 2524 1593 festo
2549 1516 2752 1592 hea-

420 1611 435 1620 ’
480 1636 489 1644 ’
566 1628 626 1706 ti
665 1628 929 1704 Jacobi
981 1625 1323 1733 apostoli.
1382 1629 1606 1703 Anno
1653 1606 1954 1703 Doinini
2007 1620 2401 1703 millesimo
2444 1642 2749 1700 tercen-

516 1739 823 1813 ‘tesimo
874 1736 1429 1841 septuagesimo
1478 1745 1774 1837 quarto.
1849 1727 2446 1831 Quibusquidem
2507 1731 2750 1818 literis

565 1841 949 1938 exhibitis,
1005 1846 1179 1946 quia,
1209 1838 1700 1943 prenominati
1743 1840 1987 1942 regius
2033 1854 2108 1911 et
2148 1836 2376 1943 ipsius
2418 1832 2748 1942 Capituli

563 1946 900 2040 homines
937 1976 1073 2053 per
1103 1945 1298 2022 idem
1332 1943 1750 2052 Capitulum
1775 1945 1846 2018 in
1884 1945 2215 2047 ipsorum
2252 1951 2748 2047 praesentiam

563 2057 810 2134 vocati
854 2076 929 2132 et
968 2056 1355 2158 requisiti,
1426 2082 1505 2131 se
1558 2057 1630 2128 in
1691 2051 1906 2127 dictis
1965 2052 2244 2127 octauis
2297 2050 2464 2128 festi
2523 2080 2745 2158 pasce

562 2160 889 2263 domini,
943 2161 1217 2254 dictam
1250 2162 1675 2265 portionem
1719 2158 2371 2261 possessionariam
2421 2160 2746 2234 condam

565 2266 742 2343 dicti
790 2269 975 2346 Som
1010 2271 1214 2346 iuxta
1265 2288 1588 2368 nostram
1622 2264 2078 2371 judiciariam
2124 2265 2746 2350 Commissionem

565 2372 1480 2482 diuisissefquartamque
1529 2389 1815 2481 partem
1867 2373 2099 2477 ipsius
2143 2366 2357 2447 dictis
2402 2372 2745 2450 Valenti·

562 2507 667 2557 no
705 2498 780 2558 et
818 2482 1205 2574 Michaeli,
1238 2485 1562 2588 aliasque
1587 2476 1991 2558 earundem
2017 2494 2260 2582 partes
2292 2503 2469 2556 cum
2502 2483 2742 2556 omni-

561 2585 701 2661 bus
736 2614 987 2665 earum
1032 2590 1466 2671 Vtilitatibus
1505 2590 1809 2694 prefatis
1865 2581 2242 2690 Stephano
2289 2603 2364 2661 et
2409 2585 2740 2690 Georgia

562 2711 937 2798 perpetuo
970 2698 1303 2771 statuisse
1329 2712 1414 2770 -et
1448 2698 1845 2800 assignasse
1884 2692 2051 2770 fassi
2078 2722 2086 2739 ·
2114 2692 2379 2789 fuisse,
2434 2721 2531 2770 ex
2574 2720 2735 2799 pre·

561 2799 796 2874 missis
852 2800 1077 2877 literis
1127 2802 1303 2880 dicti
1367 2800 1681 2907 Capituli
1739 2798 2347 2905 reperiebantur,
2424 2828 2562 2905 pro
2640 2826 2733 2876 eo

563 2933 706 2980 vna
744 2931 916 2985 cum
943 2909 1365 2987 Bai-onibus
1398 2925 1476 2985 et
1506 2912 1713 3011 regni
1737 2906 2125 2983 Nobilibus
2160 2907 2235 2979 in
2271 2906 2450 2983 sede
2481 2927 2732 2982 nostra

560 3010 963 3093 Judiciaria
1020 3014 1446 3094 sedentibus
1520 3015 1911 3090 mediatem
1978 3012 2343 3089 dictarum
2419 3012 2733 3090 duarum

557 3123 881 3225 partium
929 3122 1410 3229 possessionis
1442 3118 1907 3228 supradicte,
1975 3138 2052 3195 et
2108 3137 2255 3196 tres
2306 3139 2558 3224 partes
2616 3152 2734 3197 an·
2823 3134 2828 3139 “

541 3244 815 3303 notate
852 3232 1215 3333 portionis
1248 3230 1423 3317 dicti
1459 3228 1643 3306 Som
1682 3226 1984 3335 prefatis
2021 3223 2403 3332 Stephano
2458 3245 2540 3303 et
2592 3232 2729 3306 Ge-

560 3337 819 3436 orgio‚
875 3362 962 3413 ac
1008 3354 1347 3437 quartam
1399 3355 1684 3440 partem
1732 3335 2184 3440 prescriptae
2246 3338 2729 3438 possession:-

558 3441 668 3514 rie
821 3443 1083 3519 rtionis
1137 3442 1407 3548 prefati
1465 3443 1691 3535 Som,
1758 3439 2125 3538 a'rin'otatis
2178 3441 2581 3518 Valentino
2656 3460 2728 3517 et

559 3465 931 3641 maffeii,
974 3574 1063 3627 ac
1105 3549 1611 3654 praesentium
1628 3548 2021 3627 heredibus
2059 3564 2140 3645 et
2165 3551 2729 3654 *successoribus

492 3728 495 3729 γ
557 3654 961 3747 Vniuersis,
1016 3683 1109 3751 eo
1161 3655 1323 3759 jure
1387 3661 1765 3763 quo‘ipsis
1825 3655 2309 3732 dinoscuntur
2357 3659 2729 3759 pertinere

556 3761 1047 3863 relinquimus
1068 3781 1144 3840 et
1179 3766 1681 3854 commisimus
1718 3761 2734 3870 perempnaliter-possidere.

556 3880 814 3943 tenere
861 3872 1136 3970 pariter.
1167 3887 1242 3947 et
1276 3868 1576 3958 babere,
1613 3872 1771 3948 sine
1811 3867 2229 3975 preiudicio
2260 3867 2445 3973 juris
2485 3870 2729 3947 alieni.

557 3975 642 4050 In
676 3976 890 4058 cuius
914 3979 1021 4052 rei
1051 3980 1482 4055 memoriam
1505 3977 2074 4079 firmitatemque
2101 3993 2536 4080 perpetuam
2575 4004 2722 4081 pre·

555 4098 798 4157 sentes
828 4082 1110 4158 eisdem
1148 4083 1528 4188 Stephano
1576 4103 1654 4162 et
1699 4086 2032 4187 Georgio
2081 4086 2585 4161 concessimus
2657 4083 2738 4158 li-

552 4202 746 4259 teras
782 4207 1067 4263 nustras
1104 4191 1622 4295 priuilegiales,
1650 4188 2043 4299 pendentis
2076 4189 2286 4294 sigilli
2332 4192 2568 4267 nostri
2610 4222 2699 4266 au
2725 4231 2739 4244 ·
