2926 4849
2062 474 2217 546 ³35
2317 468 2331 539 f

159 693 318 766 rum
351 674 557 754 dabit
599 688 678 753 et
714 643 1163 784 assignabit,
1191 691 1293 754 'et
1318 677 1707 777 assignari
1702 677 1989 774 faciet,
2041 681 2326 787 absque

162 785 556 876 dilatione,
588 779 944 890 quamdiu
982 731 1242 859 eadem
1281 775 1418 860 sua
1455 778 1798 860 Maiestas
1850 788 1965 860 ιιι
1993 789 2328 892 partibus

163 893 426 969 Italiae
439 883 1068 968 commorabitur.¹
1092 894 1322 985 Item,
1349 891 1555 992 quia
1600 891 1962 968 Dominus
2004 896 2175 972 Dux
2205 897 2328 970 di·-

160 1001 488 1104 spositus
505 1015 618 1075 est
655 1022 982 1074 annuere
1025 1001 1213 1074 votis
1250 998 1495 1098 regiae
1536 998 1977 1092 Maiestatis,
2033 1002 2328 1107 praeci·

161 1132 318 1210 pue
340 1123 424 1181 vt
443 1107 620 1210 ipse
663 1130 854 1181 cum
885 1121 1074 1179 statu
1130 1103 1432 1180 domini
1469 1104 1741 1195 Ducis,
1796 1106 1957 1206 qui
1977 1133 2207 1202 suus,
2249 1126 2328 1184 et

163 1201 451 1317 Imperii
487 1216 678 1288 sacri
715 1213 1008 1305 existit,
1029 1229 1302 1315 prout·
1327 1208 1563 1302 libet,
1604 1210 1987 1316 disponat3
2042 1215 2325 1290 idcirco

164 1320 490 1423 promisit
545 1336 620 1393 et
672 1267 1111 1422 spopondit,
1170 1316 1398 1421 quod
1437 1315 1738 1420 quando
1788 1345 1917 1393 sua
1978 1318 2328 1397 Maiestas

115 1447 122 1454 ’
167 1426 672 1501 constituetur
675 1425 749 1499 in
806 1425 1100 1517 Italia,
1130 1441 1308 1499 tunc
1365 1449 1501 1497 sua
1544 1422 1895 1503 Maiestas
1940 1427 2185 1503 videat
2251 1444 2328 1505 et
2407 1461 2417 1476 ·

164 1551 431 1607 mature
463 1531 882 1634 deliberet,
933 1532 996 1604 si
1025 1532 1167 1606 erit
1205 1526 1530 1622 bonum,
1585 1534 1762 1608 vtile
1788 1586 1810 1624 ‚
1834 1560 1949 1607 ac
1980 1531 2330 1611 honorifi-

167 1638 406 1713 cabile
412 1665 580 1742 pro
597 1638 851 1713 bono
813 1640 1122 1741 imperii
1163 1663 1249 1712 ac
1270 1655 1459 1742 statu
1488 1635 1788 1750 Domini
1832 1638 2083 1741 Ducis',
2121 1640 2328 1742 quod

168 1743 408 1820 lanua
448 1771 620 1819 cum
681 1745 1146 1870 pertinentiis
1206 1745 1401 1836 suis,
1474 1739 1684 1847 quae
1734 1735 2102 1822 Dominus
2152 1746 2329 1822 Dux

167 1853 290 1926 iam
323 1851 694 1956 possidet,
727 1854 821 1929 sit
857 1851 932 1924 in
974 1850 1309 1927 manibus
1338 1852 1586 1960 regiae
1625 1851 2065 1949 Maiestatis,
2122 1852 2330 1953 quod

170 1961 216 2034 si
251 1986 421 2060 suae
465 1958 856 2068 Maiestati
886 1956 1295 2049 videbitur,
1350 1955 1575 2060 quod
1615 1959 1750 2049 sit,
1809 1976 1885 2035 et
1921 1957 2326 2064 quomoda,

170 2066 352 2168 quod
386 2049 666 2141 extunc
708 2067 1067 2141 Dominus
1097 2067 1273 2139 Dux
1308 2063 1619 2139 eandem
1652 2091 1824 2141 cum
1863 2069 2328 2165 pertinentiis

171 2176 293 2248 suis
317 2229 336 2267 ‚
393 2179 488 2249 vt
520 2174 1015 2278 praemittitur
1046 2172 1152 2246 ad
1173 2189 1456 2247 manus
1478 2193 1655 2250 suae
1690 2170 2098 2249 Maiestatis
2129 2174 2328 2251 inico

169 2278 572 2383 assignabit,
603 2271 1016 2384 obligando
1034 2277 1318 2355 dictum
1353 2275 1757 2354 Dominum
1783 2281 2066 2356 Ducem
2107 2297 2325 2356 teno-

170 2410 236 2460 re
265 2388 807 2492 praesentium,
838 2385 1074 2479 quod
1119 2401 1549 2462 remanente
1579 2383 1814 2498 Jatnua
1864 2388 1963 2464 in
1988 2386 2331 2466 manibus
2396 2481 2405 2491 ο

171 2517 317 2568 suae
339 2492 793 2588 MaiestatiS,
832 2511 913 2569 vt
943 2493 1450 2595 praemittitur
1477 2487 1999 2599 quamcunque
2022 2493 2331 2599 operam

172 2594 530 2676 adhibebit
568 2600 910 2676 cnnsiliis
929 2617 1005 2675 et
1039 2598 1366 2695 auxiliis,-
1415 2598 1529 2674 ad
1542 2599 1929 2677 iurandum
1964 2628 2137 2677 suae
2175 2603 2329 2677 Ma·

172 2704 380 2783 iestati
424 2720 940 2783 manutenere·
974 2707 1328 2800 Januam,
1353 2718 1597 2782 cum
1614 2709 1762 2783 suis
1811 2708 2324 2814 pertinentiis,

175 2829 236 2887 et
251 2817 811 2917 assignationem
846 2812 1177 2895 Ciuitatis
1210 2813 1515 2888 Januae
1525 2840 1695 2890 cum
1719 2816 2174 2917 pertinentiis
2205 2842 2328 2891 as·-

174 2928 361 2997 sumi
388 2947 568 2998 suae
623 2921 990 2996 Maiestati
1034 2921 1321 3027 facere,
1404 2913 2005 3029 quandocunque
2083 2922 2329 2998 eidem

175 3026 558 3128 placuerit,
616 3029 734 3103 vel
770 3018 1088 3103 eandem
1121 3028 1469 3129 recipere
1493 3018 1859 3123 voluerit,
1916 3047 2085 3104 ante
2118 3046 2327 3105 tran·-

175 3132 367 3210 situm
407 3158 627 3211 suum
662 3133 751 3209 ad
789 3136 1124 3211 Romam
1165 3133 1302 3207 vel
1317 3150 1489 3237 post
1538 3131 1856 3210 reditum
1919 3132 2132 3210 suum
2156 3190 2178 3229 ,
2251 3152 2328 3212 et

174 3240 487 3320 similiter
520 3267 688 3316 cum
727 3244 1213 3343 assignatione
1244 3240 1558 3317 ciuitatis
1592 3241 1932 3322 Astensis
1968 3260 2044 3317 et
2087 3243 2329 3344 perti-

173 3351 414 3424 nentiis
454 3347 700 3424 faciet.
760 3349 1029 3424 Omnia
1063 3372 1368 3454 quoque
1423 3366 1499 3423 et
1553 3344 1834 3456 singula
1886 3352 2321 3454 praemissa,
2402 3410 2413 3421 ,

172 3467 235 3525 et
270 3454 658 3558 quodlibet
715 3458 1288 3579 praemissorum
1338 3451 1569 3532 idem
1594 3457 1952 3532 Dominus
2007 3454 2352 3559 Gaspar,'

173 3562 464 3638 nomine
487 3589 646 3665 quo
675 3589 936 3667 supra,
992 3561 1334 3668 promisit
1371 3577 1447 3637 et
1490 3559 1936 3668 spopondit,
1992 3579 2069 3638 et
2103 3562 2330 3666 polli-

180 3685 411 3764 cetur,
466 3668 617 3769 fide
660 3698 884 3775 pura,
940 3688 1014 3747 et
1055 3672 1568 3771 integerrima,
1622 3696 1709 3745 ac
1746 3671 1956 3747 tactis
1984 3694 2332 3772 corpora-

181 3767 330 3847 liter
359 3725 836 3853 sacrosanctis
872 3780 1297 3880 scripturis,
1335 3776 1409 3850 in
1449 3776 1768 3852 animam
1811 3777 2037 3881 ipsius
2081 3775 2333 3851 Domi-

183 3879 259 3950 ni
286 3879 507 3959 Ducis
539 3884 816 3958 iurauit
858 3882 1224 3974 fideliter,
1263 3901 1727 3974 constanter,
1786 3902 1856 3958 et
1897 3882 2335 3961 inuiolabili-

182 3995 314 4069 ter,
369 3990 818 4078 obseruare,
881 3992 1238 4093 prosequi
1277 4007 1354 4064 et
1389 3987 1796 4092 adimplere
1850 3988 2335 4066 serenissimo

191 4085 491 4171 Domino
537 4098 741 4201 Regi
791 4122 929 4203 per
977 4115 1219 4173 totum
1258 4119 1593 4170 mensem
1653 4097 2075 4222 Augustum
2111 4122 2338 4201 prae-

186 4205 496 4280 tentem
474 4232 549 4280 ιιι
582 4204 784 4318 Italia
820 4207 1268 4297 constituto,
1324 4220 1403 4281 et
1437 4200 1764 4282 realiter
1771 4204 2134 4281 existenti.
2196 4203 2339 4280 De·
