2926 4849
686 480 838 562 ⁶10

449 707 470 733 ··
575 723 966 750 -----
1003 679 1541 745 --'-·--·-·--
1579 679 1972 759 Francisco
2028 679 2124 756 de
2167 683 2487 787 Zempse
2526 682 2827 759 facere*

571 793 909 899 poteritis
946 787 1145 894 apud
1180 789 1462 888 regiam
1498 789 1968 874 serenitatem
1996 786 2244 888 oculte
2279 789 2598 892 petimus
2634 815 2762 865 vos

568 919 655 976 ut
694 898 1054 974 laboretis.
1082 898 1156 972 in
1194 922 1294 972 eo·
1323 895 1593 970 Cetera
1629 894 1819 988 lator
1853 893 2569 1001 presencium-dicet
2621 917 2756 969 va-

417 1055 440 1064 ·
565 1003 714 1082 lete
752 1006 828 1079 in
866 1042 979 1062 —
1007 1042 1112 1061 --
1150 1002 1252 1078 lio
1305 1002 1496 1102 regis
1535 999 1843 1103 gloriosi
1879 1001 2140 1103 scripsi
2179 999 2388 1079 Bude
2434 1002 2554 1077 die
2610 999 2753 1077 do-

567 1113 840 1187 minico
906 1105 1248 1215 proximo
1301 1124 1473 1212 post
1517 1106 1789 1181 festum
1844 1107 2041 1184 beati
2085 1108 2357 1184 Briccii
2414 1107 2762 1212 Episcopi

569 1236 648 1294 et
670 1214 1129 1293 confessoris
1158 1214 1384 1289 Anno
1426 1211 1818 1289 millesimo
1853 1214 2591 1317 quadringentesimo
2610 1216 2767 1290 Tri-

569 1325 852 1401 cesimo
887 1340 1184 1427 quarto.
1242 1322 1445 1398 Item.
1477 1319 1949 1400 transmitatis
1989 1320 2276 1423 literam
2319 1350 2502 1426 pror
2600 1339 2768 1398 ato·-

571 1433 759 1505 riam
815 1432 1095 1533 regiam
1129 1430 1208 1504 in
1250 1427 1461 1504 factis
1513 1430 1772 1506 vestris
1808 1427 1954 1502 huc
2001 1426 2095 1508 ad
2146 1428 2426 1504 Budam
2672 1457 2765 1505 o-

569 1555 935 1638 rogentur
967 1562 1185 1613 cause
1221 1543 1473 1611 'vestre
1513 1533 1864 1610 Nicolaua
1912 1534 2059 1610 Wz
2082 1533 2410 1611 literatus
2461 1532 2558 1611 de
2701 1563 2764 1622 z,-

556 1642 792 1721 saiwa·
837 1641 1069 1720 frater
1106 1657 1358 1722 vester
1388 1636 1625 1717 fidelis
1657 1642 1736 1716 in
1769 1640 2135 1722 omnibus.

653 1774 754 1833 Ex
794 1767 1090 1853 originali.

1276 1960 1349 2036 A
1387 1990 1436 2039 n
1469 1989 1519 2038 n
1568 1991 1619 2039 o
1712 1978 1747 2037 1
1798 1967 1849 2037 4
1889 1967 1937 2039 3
1988 1969 2056 2040 5.

1386 2147 1971 2230 CCLXXXVII.

574 2295 969 2375 sigismundus
985 2296 1125 2358 ‚Res
1158 2294 1503 2367 Hunga‘n'ao
1534 2291 1856 2374 Capitulum
1885 2294 2267 2366 strigoniense
2293 2313 2397 2367 pce·
2432 2299 2771 2351 &nuent-m

757 2397 823 2452 ’8.
866 2391 1163 2449 Benedicti
1202 2391 1265 2444 de
1304 2392 1470 2445 iuxta
1503 2389 1653 2444 Gron
1689 2387 1756 2441 in
1790 2403 1955 2442 suam
1980 2390 2374 2457 praesenciam
2399 2398 2635 2448 euocari
2666 2396 2766 2449 iu-
2890 2405 2899 2420 ¹

767 2491 874 2545 bet.
937 2490 1006 2545 A.
1060 2481 1214 2542 1435.

765 2595 1282 2701 Sigismundus
1333 2591 1475 2670 Dei
1514 2591 1744 2694 gratia
1798 2593 2313 2674 Romanorum
2353 2601 2770 2703 Imperator

570 2731 873 2809 semper
934 2706 1358 2805 Augustus,
1412 2722 1503 2773 ac
1557 2698 2027 2803 Hungariae‚
2084 2692 2523 2790 Bohemiae.
2578 2706 2768 2782 Dal-

572 2815 860 2891 matiae⁴
884 2827 1025 2885 etc.
1065 2810 1249 2885 Rex.
1324 2805 1381 2879 F
1382 2803 1699 2883 idelibua
1733 2809 2005 2885 nostris
2045 2808 2470 2893 Conuentui
2508 2812 2770 2890 Eccle-

574 2921 726 2997 siae
765 2912 1019 2993 Sancti
1062 2911 1449 2992 Benedicti
1488 2909 1583 2988 de
1616 2916 1825 3011 ‘iuxta
1864 2915 2113 3009 Gron‚
2153 2919 2467 2994 salutem
2498 2936 2576 2996 et
2612 2948 2771 3022 gra-

576 3031 776 3105 tiam.
874 3024 1232 3114 Quamuis
1270 3045 1417 3097 ‘nos
1467 3018 1638 3119 alias
1705 3020 1966 3125 vigore
2022 3021 2331 3100 aliarum
2387 3025 2771 3115 literarum

572 3150 998 3211 nostrarum
1029 3125 1298 3205 exinde
1335 3122 1891 3224 confectarum,
1948 3156 2238 3205 causam
2281 3133 2482 3209 inter
2518 3131 2766 3209 hono-

573 3238 814 3316 rabile
878 3233 1302 3338 Capitulum
1378 3234 1746 3310 Ecclesiae
1826 3234 2355 3340 Strigoniensis
2422 3240 2518 3315 ab
2579 3269 2771 3335 vna,

574 3372 719 3423 nec
770 3372 924 3422 non
977 3340 1393 3417 Ladialaum
1444 3337 1959 3444 Braepositum
1992 3360 2067 3419 et
2104 3343 2580 3423 Conuentum
2623 3346 2764 3424 Ec-

579 3452 845 3530 clesiae
900 3452 1164 3526 Beatae
1226 3446 1511 3523 Mariae
1567 3448 1897 3552 Virginis
1952 3448 2046 3526 de
2086 3450 2332 3549 Saagh
2393 3480 2490 3529 ex
2542 3454 2773 3532 altera

575 3555 957 3664 partibus,
1011 3554 1108 3631 de
1154 3574 1233 3633 et
1288 3581 1513 3660 supra
1568 3555 2006 3659 quibusdam
2064 3557 2372 3637 decimis
2426 3563 2773 3638 vinorum

578 3666 677 3745 de
720 3666 938 3740 certis
984 3661 1414 3755 territoriis,
1469 3686 1606 3737 seu
1669 3664 2045 3740 montibus
2100 3662 2344 3743 dictae
2398 3666 2771 3744 Ecclesiae

575 3774 675 3849 de
713 3766 953 3873 Saagh
1001 3769 1610 3875 prouenientibus
1643 3793 1903 3844 coram
1942 3766 2362 3848 honorabili
2397 3777 2559 3849 viro
2607 3777 2765 3852 Do-

580 3880 790 3955 mino
828 3875 1227 3953 Valentino
1265 3876 1586 3951 Lectore
1614 3893 1693 3953 et
1728 3873 2114 3952 Canonico
2148 3880 2516 3957 Ecclesiae
2554 3900 2763 3958 vete·

580 3990 686 4062 ris
721 3982 1083 4060 Budensis
1126 3978 1371 4057 iudice
1405 4008 1546 4087 per
1585 3984 2321 4062 Reuerendissimum
2353 3990 2430 4063 in
2461 3986 2759 4065 Christo

577 4093 878 4169 Patrem
899 4141 924 4179 ,
983 4088 1382 4164 Dominum
1408 4091 1817 4193 Georgium
1855 4077 2528 4201 Archiepiseopum
2561 4092 2759 4171 Stri-

584 4202 1017 4304 gonienoem
1056 4195 1392 4301 delegato
1438 4212 1885 4291 vertentem,
1940 4194 2032 4275 ad
2070 4200 2466 4306 ipsumque
2511 4201 2754 4280 Domi⁶
