2926 4849
2144 499 2309 576 7⁵9*

215 720 373 785 stra
406 696 797 786 Maiestate
832 705 1068 811 sculpi
1096 700 1406 786 fecimus
1426 763 1449 802 ,
1506 705 1997 806 etfabricari,
2052 732 2385 788 eommu·
2496 804 2501 807 ,

215 815 448 911 nitas,
504 831 801 894 tenores
835 814 1321 919 quarumdam
1356 816 1804 891 Litterarum
1842 812 2220 919 quondam
2262 816 2393 893 Se-

211 922 590 999 renissimi
637 923 993 1028 Principis
1054 921 1359 999 Domini
1399 922 1766 997 Ludoviei
1822 923 2045 1026 Regis
2091 922 2268 1000 Hun
2363 969 2395 986 -

210 1028 374 1104 riae
415 1026 722 1123 Soceri,
774 1046 852 1105 et
899 1027 1499 1106 Praedecessoris
1548 1028 1784 1105 nostri
1821 1029 1986 1134 piae
2043 951 2393 1124 recog·

209 1134 435 1211 tionis
475 1132 1072 1212 confirmantium
1124 1133 1502 1239 quoddam
1541 1134 2008 1236 privilegium
2040 1138 2217 1212 olim
2255 1134 2399 1213 Ex·

207 1240 390 1317 celsi
430 1239 794 1347 Principis
858 1242 1156 1320 Domini
1215 1240 1462 1318 C‘aroli
1511 1238 1740 1317 modo
1780 1240 2119 1319 similiter
2168 1243 2394 1348 Regis

202 1345 633 1451 Rungariae
670 1346 1039 1425 ratificans
1079 1340 1446 1454 quasdam
1481 1346 1797 1425 Litteras
1847 1348 2223 1449 quondam
2252 1350 2395 1424 In·-

203 1456 390 1556 clyti
427 1455 731 1532 Domini
760 1452 1113 1533 Andreae
1151 1454 1637 1534 consimiliter
1685 1455 1915 1558 Regis
1959 1454 2391 1561 Hungariae

198 1560 870 1639 Praedecessorum
938 1580 1370 1643 nostrorum
1391 1617 1413 1655 ,
1485 1586 1711 1666 super
1760 1560 2259 1639 Libet-tatibus
2311 1577 2391 1639 et

198 1664 737 1772 Praerogativis
794 1694 932 1772 per
985 1671 1223 1776 ipsum
1263 1665 1582 1744 condam
1633 1666 2045 1744 Dominum
2098 1666 2386 1744 Andre-

197 1800 323 1848 am
370 1776 657 1878 Regem
704 1775 984 1851 eisdem
1043 1770 1392 1864 Civibus,
1485 1773 1922 1876 Hospitibus
1984 1791 2063 1850 et
2114 1773 2386 1851 Incolis

196 1878 579 1986 praefatae
609 1882 944 1959 Ciuitatis
992 1896 1290 1960 nostrae
1335 1879 1795 1957 posoniensis
1846 1881 2164 1986 gratiose
2202 1907 2383 1957 con·

196 1988 468 2083 cessis,
521 1986 957 2065 ratificative
1003 2007 1078 2064 et
1125 1987 1643 2065 confirmative
1676 1987 1752 2060 in
1794 2013 1874 2062 se
1914 1988 2381 2064 continentes
2429 2062 2435 2067 .

195 2109 548 2170 tenorum
601 2094 1271 2199 infrascriptorum.
1347 2091 1863 2197 supplicantes
1918 2092 2381 2197 praenarrati

193 2194 616 2306 Stephanus
637 2201 954 2277 Keneisz
980 2203 1332 2306 Magister
1347 2201 1636 2276 Civium
1669 2223 1757 2273 ac
1788 2200 1859 2273 N
1862 2196 2138 2275 icolaus
2156 2197 2379 2275 Pach-

192 2303 333 2382 rad
386 2306 587 2383 Civis
627 2307 857 2412 ipsius
913 2308 1245 2385 Civitatis
1304 2322 1607 2384 nostrae
1665 2303 2130 2382 Potoniensis
2179 2306 2375 2398 suis,

191 2429 275 2489 et
308 2413 665 2507 aliorum,
721 2442 1050 2520 quorum
1080 2441 1304 2519 supra
1342 2410 1765 2489 nominibus
1799 2430 1879 2490 et
1909 2412 1993 2489 in
2263 2413 2378 2492 nis
2522 2431 2529 2438 “

189 2538 490 2598 nostrae
520 2518 976 2598 Sublimitati
1011 2546 1244 2627 prece
1274 2518 1728 2611 subiectiva,
1786 2537 1868 2598 ut
1896 2544 1984 2596 ea
2072 2546 2191 2597 em
2226 2519 2375 2596 Lit-

189 2644 385 2705 teras
439 2646 722 2705 nostras
770 2629 1263 2734 privilegiales
1284 2644 1530 2722 ratas,
1583 2641 1865 2726 gratas,
1919 2643 1994 2702 et
2033 2641 2372 2731 acceptas

187 2731 581 2827 habentes,
634 2736 1057 2839 nostrisque
1107 2734 1441 2812 similiter
1492 2723 2071 2833 Priviiegialibus
2122 2733 2369 2808 Litte-

186 2842 330 2933 ris,
384 2839 524 2918 sub
573 2841 957 2945 praedicto
1012 2840 1339 2944 dupplici
1382 2864 1584 2914 novo
1629 2837 2053 2915 authentico
2102 2837 2367 2941 sigillo

132 3042 136 3046 μ
186 2964 446 3023 nostro
498 2945 925 3024 emanandis
973 2941 1430 3021 verbotenus
1490 2945 1713 3018 inseri
1773 2944 2167 3037 facientes,
2223 2971 2364 3048 pro

183 3056 649 3158 praeattactis
694 3051 998 3129 Civibus
1016 3059 1057 3144 ,'
1099 3048 1542 3154 Hospitibus
1580 3069 1657 3126 et
1696 3046 1969 3124 Incolis
2006 3076 2358 3125 memora-

187 3178 303 3235 tae
344 3159 670 3236 Civitatis
706 3179 1003 3237 nostrae
1052 3155 1555 3252 Posoniensis,
1609 3179 1698 3231 ae
1734 3181 1998 3254 eorum
2049 3155 2361 3232 Succes-

182 3266 511 3361 soribus‚
566 3281 644 3342 et
695 3265 1246 3344 Posteritatibus
1297 3263 1660 3366 universis
1694 3263 2123 3339 innovantes
2160 3290 2358 3369 ,per-

181 3390 414 3477 petuo
493 3374 842 3450 valituras
913 3371 1372 3451 confirmare
1432 3370 1932 3473 dignaremur.
2023 3372 2358 3460 Quarum

184 3479 489 3583 quidem
509 3480 959 3557 Litterarum
992 3497 1407 3557 nostrarum
1441 3495 1658 3552 tenor
1687 3476 2027 3577 sequitur
2050 3481 2121 3552 in
2155 3474 2353 3552 hune

177 3582 876 3799 modgtizimundoe
915 3693 1052 3768 Dei
1086 3693 1339 3768 Gratia
1371 3692 1889 3767 Rom-norum
1915 3689 2083 3766 Rex
2103 3744 2127 3784 ,
2165 3713 2349 3766 tem·-

174 3824 317 3902 per
347 3797 768 3905 Augustus,
824 3824 909 3873 ac
946 3797 1400 3904 Hungariae.
1460 3795 1909 3888 Dalmatiae,
1961 3796 2351 3893 croatiae,

57 3965 60 3972 .
176 3907 501 3998 Ramae‚
583 3903 920 3998 Serviae,
990 3903 1386 3996 (huicine,
1466 3900 2013 3996 Lodomeriae,
2079 3901 2350 3997 Cuma·

176 4014 378 4107 niae,
433 4013 967 4119 Buigariaeque
1006 4012 1167 4104 Rex
1199 4066 1221 4102 ,
1277 4008 1614 4086 Marcbio
1669 4006 2339 4113 Brandenburgen-

169 4111 308 4203 sis.
364 4146 502 4196 nec
539 4149 687 4199 non
740 4118 1157 4209 Bohemiae‚
1212 4134 1287 4192 et
1314 4111 1989 4218 Lucemburgensis
2033 4116 2342 4208 naeres,

171 4226 519 4303 omnibus
556 4226 819 4303 Christi
868 4221 1208 4303 fidelibus
1249 4240 1394 4303 tam
1427 4217 1935 4327 praesentibus
1978 4246 2205 4326 quam
2244 4220 2350 4297 fu·
