2926 4849
2150 525 2305 594 :587

214 726 302 776 re
340 701 541 776 visus
578 699 873 798 fuisset3
927 731 1071 807 pro
1114 735 1210 786 eo
1250 718 1729 815 praemissam
1776 723 2418 813 instrumentalem

218 804 754 884 exhibitionem
788 809 990 885 inter
1034 834 1468 896 annotatum
1503 841 1835 904 actorem
1865 832 1959 907 ab
2017 866 2156 914 vna
2196 861 2274 918 et
2306 847 2419 918 in-

215 933 333 990 ter
362 920 865 1019 praescriptos
895 918 974 991 in
1009 945 1302 998 causam
1332 947 1683 1009 attractos
1724 957 1934 1040 parte
1977 943 2073 1018 ab
2141 950 2415 1043 altera,

212 1039 525 1125 excepta
562 1019 758 1097 dicta
794 1020 1135 1119 domina,
1194 1031 1287 1106 ad
1334 1054 1637 1118 octauas
1679 1040 1852 1119 festi
1907 1048 2117 1127 Beati
2159 1056 2420 1133 Geor-

175 1130 310 1231 ‘gii
362 1126 720 1230 Martyris
762 1149 938 1205 tunc
985 1139 1318 1232 venturi,
1375 1165 1827 1252 prorogans,
1885 1153 2218 1236 fidelitati
2271 1190 2417 1239 ve-

95 1245 102 1248 ‘
208 1254 407 1310 strae
449 1234 766 1312 firmiter
795 1243 1329 1346 praecipiendo
1365 1252 1822 1351 mandasset,
1880 1282 2246 1362 quatenus
2291 1284 2418 1352 ve*

208 1359 452 1420 strum
472 1345 856 1419 mitteretis
878 1345 1262 1454 hominem
1281 1382 1419 1457 pro
1443 1362 1867 1441 testimonio
1898 1370 2048 1448 fide
2071 1371 2413 1476 dignum,

207 1476 369 1554 quo
410 1468 799 1553 praesente
840 1450 1069 1530 homo
1109 1483 1286 1535 suus
1328 1465 1580 1568 regius
1640 1470 1833 1545 infra
1874 1476 2413 1580 declarandus,
2482 1553 2487 1560 .

207 1572 693 1642 memoratam
748 1558 1078 1636 nobilem
1155 1566 1586 1665 Dominam,
1669 1578 2005 1659 relictam
2070 1589 2414 1695 Georgii,

205 1665 617 1767 praemissa
693 1690 822 1739 sua
907 1665 1217 1743 literalia
1315 1679 1803 1760 instrumenta
1874 1687 2449 1795 exhibitura'm„

200 1797 292 1844 ac
323 1770 422 1843 de
465 1771 753 1848 iudiciis
793 1797 1366 1856 sexmarcarum
1399 1783 1651 1864 Judici
1693 1809 1767 1867 et
1813 1803 2006 1900 parti
2057 1802 2413 1882 aduersae
2539 1799 2547 1811 ’

200 1875 741 1959 satisfacturam
766 1932 789 1969 ‚
849 1898 1110 1956 contra
1143 1886 1577 1992 anpotatum
1625 1911 2083 1981 conuentum
2114 1905 2207 1983 a'd
2240 1936 2414 1989 eas·-

204 1982 385 2057 dem
421 2002 720 2060 octauas
766 2012 970 2066 suam
1010 1995 1475 2092 personalem
1512 2015 1924 2085 euocat-etis
1961 2014 2033 2087 in
2069 2044 2411 2120 praesen·

199 2092 424 2187 tiam3
485 2108 561 2165 et
594 2111 763 2194 post
789 2090 968 2169 haee
1016 2099 1240 2199 ipsius
1269 2110 1725 2186 euocationis
1762 2121 2031 2194 seriem
2058 2148 2241 2199 cum*
2263 2152 2410 2216 no-

198 2198 407 2273 mine
458 2200 757 2274 euocati
801 2200 888 2273 ad
925 2201 1216 2278 easdem
1252 2226 1553 2289 octauas
1589 2216 1835 2297 eidem
1895 2253 2070 2305 suae
2138 2258 2408 2334 perso-

194 2306 351 2378 nali
394 2308 853 2408 praesentiae
892 2305 1228 2418 fideliter.
1246 2320 1783 2403 rescriberetis.
1814 2332 1904 2405 ‚A
1930 2333 2407 2441 'quibusqui-

193 2409 373 2488 dem
411 2413 733 2506 octauiS‚
791 2413 971 2490 dum
1011 2421 1168 2520 ipsa
1212 2421 1788 2511 instrumentalis
1817 2432 2175 2520 exhibitio
2220 2476 2404 2552 par-

193 2532 301 2594 tes
329 2522 538 2595 ⁴inter
580 2519 951 2622 predictas
1002 2524 1096 2599 de
1137 2534 1461 2627 partium
1507 2564 2080 2639 procuratorum
2122 2556 2402 2630 volun-

189 2642 340 2701 tate
393 2642 722 2701 nostram
763 2628 1373 2733 in-praesentiam
1430 2641 1796 2743 deducta,
1871 2656 2081 2733 iuxta
2138 2663 2396 2738 conti-

185 2734 525 2810 nentiam
570 2733 946 2827 literarum
985 2759 1406 2821 nostrarum
1442 2763 2133 2861 prorogatoriarum
2164 2768 2394 2844 simu!

183 2866 364 2915 cum
407 2838 454 2910 J
458 2840 717 2916 udiciis
761 2841 1075 2920 duarum
1103 2876 1522 2931 marearum
1558 2887 1697 2965 per
1724 2866 1960 2970 ipsam
1993 2872 2393 2951 Dominam

177 2947 384 3051 parti
423 2947 778 3023 aduersae
815 2953 1481 3053 persoluendarum
1507 3019 1528 3056 ,
1583 2966 1678 3041 ad
1711 2994 2134 3072 praesentes
2173 3000 2381 3057 octa-

138 3084 153 3111 ·
179 3079 313 3128 uas
356 3053 553 3128 Festi
591 3054 797 3131 Beati
840 3057 1118 3155 Jacobi-
1145 3065 1490 3167 Apostoli
1525 3095 1933 3180 prorogata
1983 3085 2384 3182 extitisset3

176 3161 488 3237 tandem
528 3158 701 3265 i‘psis
735 3165 1018 3247 octauis
1062 3170 1495 3281 instaptibus
1531 3174 1873 3261 Matthias
1910 3188 2007 3263 de
2062 3188 2396 3283 Andoch>
2468 3210 2471 3215 ’
2528 3174 2537 3179 ’

176 3296 320 3374 pro
355 3285 710 3351 annotato
744 3271 1132 3350 Conuentu
1161 3302 1330 3352 cum
1367 3293 1910 3384 procuraturiis
1938 3296 2168 3373 literis
2192 3301 2382 3375 eius-

173 3375 352 3450 dem
391 3376 470 3447 in
503 3378 827 3451 nostram
872 3380 1240 3471 veniendo
1278 3397 1779 3489 praesentiam
1815 3400 2063 3478 literas
2103 3423 2377 3482 vestras

172 3507 408 3587 super
427 3482 827 3583 praemissa
848 3482 1291 3566 euoeatione
1307 3500 1907 3603 rescriptionales
1925 3509 2143 3588 nobis
2170 3541 2381 3616 prae-
2506 3536 2507 3541 ’

168 3590 537 3682 sentauit3
595 3592 671 3664 in
711 3590 982 3694 quibus
1029 3623 1167 3697 per
1196 3598 1610 3705 Georgium
1665 3609 1762 3687 de
1824 3614 2028 3692 Chor
2086 3624 2372 3721 regium

170 3692 754 3800 etStepbanum
793 3695 1170 3801 clericum
1211 3725 1539 3786 vestrum
1577 3713 1913 3796 homines
1936 3776 1987 3810 ,.
2020 3721 2208 3803 feria
2242 3756 2391 3805 se-ae

172 3801 417 3899 cunda
472 3806 816 3907 proxima
876 3824 1044 3908 post
1120 3809 1585 3894 Dominicam
1644 3827 1896 3901 Ramis
1954 3830 2371 3913 palmarum

169 3910 515 4010 proxime
555 3914 1082 4012 praeteritam,
1140 3917 1547 4018 praefatam
1588 3929 1988 4010 Dominam
2035 3941 2375 4031 relictam

167 4013 516 4117 Georgii,
555 4019 629 4090 in
669 4021 1136 4120 possessione
1171 4024 1514 4131 Chabya,
1568 4035 1662 4110 ad
1724 4032 2127 4144 praemissa
2180 4074 2369 4155 con--¹

164 4138 277 4197 tra
308 4139 747 4200 annotatum
790 4128 1268 4208 conuentum
1293 4134 1391 4209 ad
1425 4137 1657 4221 dictas
1695 4164 1996 4228 oetanas
2052 4155 2220 4231 festi
2275 4157 2395 4251 Β.-

165 4227 478 4335 Georgii
513 4227 864 4334 Martyris
895 4236 1175 4338 regiam
1199 4240 1272 4314 in
1301 4253 1795 4363 praesentiam
1829 4258 2155 4398 legitime
2179 4289 2362 4341 euo-

1829 4372 1927 4443 25
2018 4406 2023 4413 ·
