2926 4849
2052 580 2059 589 ἱ
2117 483 2267 556 255

177 690 474 769 sionem
503 688 749 790 Regni
783 683 1154 791 descuipta
1181 685 1717 791 relinquuntur
1761 712 1902 793 per
1923 686 2375 795 najestatem

182 794 503 901 Regiam
545 794 861 872 arbitrio
908 812 987 871 et
1026 793 1498 899 dispositioni
1534 794 2042 873 Praelatorum
2061 853 2084 890 ,
2141 814 2217 872 et
2248 799 2376 873 Ba-

182 929 501 997 ronum,
556 917 635 978 et
681 901 1313 980 communitatum
1365 900 1653 1004 Regni,
1711 917 1796 979 ut
1829 902 2194 1008 quidquid
2233 931 2375 1008 pro

181 1009 482 1087 meliori
527 1026 720 1103 statu
776 1009 1022 1113 Regni
1069 1007 1620 1112 disponendum
1666 1008 2048 1087 videbitur
2068 1066 2092 1104 ,
2150 1026 2380 1088 statu·

184 1134 351 1212 ant,
407 1116 803 1211 ordinent,
860 1135 938 1192 et
968 1112 1385 1219 disponant.
1511 1162 1521 1179 ·
2054 1144 2065 1169 ²-

400 1224 564 1300 Art.
615 1222 893 1311 XXVI.
921 1220 1156 1313 Licet
1185 1220 1263 1295 in
1303 1220 1880 1325 precedentibus
1917 1222 2374 1301 sufficienter

183 1357 324 1438 per
377 1327 844 1434 Majestatem
889 1330 1201 1431 Regiam
1251 1331 1347 1405 sit
1406 1346 1728 1425 tactum,
1803 1329 2189 1432 quomodo
2244 1355 2376 1409 sua

184 1435 537 1541 majestas
585 1434 749 1511 vult
798 1462 936 1539 per
967 1434 1398 1531 vPraelatos,
1452 1437 1823 1528 Barones,
1878 1455 1954 1513 et
2002 1438 2374 1539 Regnico-

184 1545 290 1619 las
328 1571 470 1648 per
509 1568 942 1646 expressum
987 1540 1359 1619 declarare
1381 1592 1426 1635 ,-
1460 1568 1698 1645 usque
1740 1569 1966 1647 quem
2010 1543 2261 1619 locum
2296 1560 2376 1621 et

183 1652 584 1730 terminum
632 1652 1123 1726 communitas
1178 1647 1758 1752 Regnicolarum
1801 1650 2184 1725 Generalis
2231 1649 2375 1725 Ex·

181 1760 463 1835 ercitus
509 1760 902 1859 ingruente
935 1756 1377 1833 necessitate
1417 1771 1811 1832 teneantur
1843 1754 2252 1861 proficisci,
2295 1773 2376 1833 et

180 1867 407 1945 etiam
465 1862 816 1970 quamdiu
870 1881 1065 1940 stare
1101 1861 1431 1941 ‚deberet
1474 1864 1554 1938 in
1597 1862 1912 1956 eodem,
1967 1889 2228 1938 verum
2272 1882 2374 1939 ta·

177 1999 352 2048 men
403 1973 619 2047 sicuti
673 1971 882 2075 prius
946 1970 1305 2072 scriptum
1360 1988 1473 2045 est
1497 2025 1520 2063 ,
1590 1972 1855 2074 Regna
1920 1970 2373 2064 Dalmatiae,

180 2082 558 2171 croatiae,
614 2079 940 2171 Ramae,
997 2075 1332 2168 serviae,
1388 2077 1724 2170 Bosniae,
1766 2077 2178 2167 -Galliciae,
2229 2078 2373 2153 Lo-
2415 2162 2425 2171 ‚

178 2187 610 2275 domeriae,
664 2202 740 2260 et
792 2183 1175 2286 Bulgariae
1239 2182 1566 2275 dudum,
1624 2200 1699 2258 et
1756 2186 1977 2259 etiam
2023 2201 2370 2285 tempore

176 2291 644 2369 serenissimi
682 2291 778 2368 D.
809 2292 1172 2366 Ludovici
1212 2293 1441 2393 Regis
1487 2289 1931 2366 recolendae
1965 2291 2369 2367 memoriae

176 2401 269 2477 ad
321 2402 739 2494 Coronam,
816 2416 890 2475 et
931 2399 1278 2499 Regnum
1349 2398 1776 2500 Hungariae
1832 2398 2369 2499 pertinuerunt.

180 2508 343 2586 Scit
397 2507 603 2583 enim
654 2505 852 2582 bene
885 2507 978 2582 D:
1020 2504 1373 2581 Nicolaus
1416 2503 1513 2579 de
1551 2506 1751 2579 Gara
1801 2505 2213 2598 Palatinus,
2292 2519 2372 2579 et

178 2643 405 2721 quam
465 2614 720 2718 plures
749 2613 931 2705 -alii,
1004 2610 1214 2716 quod
1259 2613 1545 2688 Terrae
1596 2629 1674 2688 et
1736 2611 2208 2705 Provinciae,
2285 2628 2370 2688 ut

177 2739 352 2798 sunt
379 2717 868 2813 Jalomfetild,
916 2713 1248 2813 Hlevna,
1292 2716 1733 2795 Berzezchel
1771 2737 1844 2796 et
1881 2720 2110 2810 aliae,
2164 2745 2362 2823 quae

179 2855 384 2905 nunc
441 2846 847 2932 occupatae
902 2843 1249 2902 tenentur
1307 2852 1457 2930 ‹per
1517 2827 1801 2927 Regem
1853 2826 2213 2919 Bosniae,
2293 2841 2371 2901 et

179 2932 596 3012 Bosnenses
666 2934 808 3040 ipsi
867 2932 1252 3038 praedicto
1323 2935 1655 3008 Domino
1722 2935 1915 3036 Regi
1979 2932 2369 3009 Ludovico

180 3043 672 3135 tenebantur,
746 3058 823 3117 et
882 3038 1489 3145 possidebantur,
1582 3065 1722 3142 per
1783 3041 2065 3118 Banum
2120 3040 2369 3140 Regni
2470 3085 2474 3090 -

180 3147 560 3226 croatiae.
653 3148 816 3224 Scit
860 3148 1082 3223 etiam
1137 3145 1341 3224 idem
1380 3145 1791 3238 PalatinuS,
1847 3163 1926 3221 et
1973 3172 2196 3250 quam
2248 3170 2372 3222 res

178 3257 308 3338 alii
348 3256 671 3362 qualiter
703 3256 952 3334 Castra
981 3249 1314 3347 Greben,
1367 3270 1445 3329 et
1475 3252 1611 3330 alia
1645 3252 1905 3329 Castra
1940 3254 2043 3329 ibi
2082 3255 2366 3328 circum

178 3390 483 3469 quaque
534 3363 964 3453 existentia,
1054 3386 1230 3435 cum
1277 3362 1438 3440 ‚suis
1505 3361 1969 3464 pertinentiis
2026 3377 2369 3463 tempore

178 3474 361 3548 dicti
418 3469 797 3576 quondam
844 3469 932 3543 D.
983 3468 1215 3573 Regis
1268 3465 1632 3554 Ludovici
1674 3481 1877 3543 tenta
1920 3467 2198 3559 fuerint
2232 3490 2369 3570 per

177 3578 595 3680 Hungaros.
1103 3647 1108 3652 .
1331 3655 1336 3664 ,

394 3691 582 3762 Item
625 3685 914 3770 sciunt,
969 3679 1176 3783 quod
1237 3681 1566 3757 Ecclesia
1614 3679 2104 3779 Bosnyeasis,
2158 3676 2368 3782 cujus

179 3793 596 3896 Episcopus
650 3812 850 3866 nunc
886 3787 965 3862 in
1020 3789 1255 3866 Diako
1289 3787 1603 3876 residet,
1657 3802 1770 3860 est
1810 3785 1998 3859 ultra
2042 3782 2365 3876 Savum,

183 3926 343 4001 quo
379 3899 721 3974 similiter
773 3922 976 3970 nunc
1027 3919 1194 3974 cum
1244 3896 1392 3969 suis
1430 3894 1686 3969 Terris
1728 3918 1771 3965 e
1816 3892 2372 3992 Bosnyensibus

184 4005 657 4110 possidetur,
711 4020 788 4078 et
837 4003 1079 4076 sciunt
1128 3999 1383 4089 multi,
1440 4001 1792 4103 quoniam
1847 3997 2154 4093 Servia,
2211 4001 2373 4075 sive

182 4115 449 4191 Rascia
470 4170 493 4206 ,
551 4110 886 4211 Bulgaria
908 4163 932 4200 ,
983 4111 1139 4186 sive
1175 4107 1528 4196 Valachia
1551 4161 1599 4201 ,‚
1631 4122 1708 4183 et
1737 4105 2155 4209 specialiter
2190 4106 2376 4180 Par·-

188 4234 302 4298 tes
345 4221 818 4323 Syn-mienses
878 4215 1163 4304 tentae,
1220 4233 1299 4289 et
1337 4231 1819 4304 conservatae
1870 4214 2177 4304 fuerint,
2236 4237 2374 4315 per
2416 4281 2419 4284 .
2490 4281 2493 4292 ἤ
