2926 4849
2057 450 2250 569 '49

169 695 555 775 XXXVII.
594 695 805 776 Idem
850 697 987 776 PP.
1029 695 1587 804 Sigismundum
1617 701 1718 776 R.
1748 700 1847 774 Η.
1878 725 1925 775 a
1971 655 2365 780 Litlmania

180 805 2373 1008 ῃέῧῆἵῖἳέἶάἕῗθὲἷῖῇῗῖὅέἒῗοὲἷῗ-ἰὶωῗὲᾁοῑ.

278 1100 285 1107 ,
385 1021 536 1097 feri
572 1020 1034 1124 Hospitalis
1013 1048 1092 1095 m
1121 1022 1452 1097 Dravecz
1495 1039 1571 1098 et
1601 1022 2104 1124 Praeceptoris
2134 1024 2375 1101 Gene-
2427 1110 2432 1117 ,

393 1127 567 1205 ralis
604 1128 914 1205 Ordinis
953 1124 1033 1204 S.
1075 1127 1450 1203 Antonii
1430 1155 1508 1201 m
1545 1153 1782 1229 regno
1830 1129 2252 1233 Hungariae
2297 1147 2376 1208 et

406 1234 850 1326 Slauoniae,
887 1260 1115 1358 super
1148 1230 1496 1337 hospitali
1525 1232 1706 1310 dieti
1721 1233 2031 1311 Ordinis
2070 1237 2149 1311 in
2189 1236 2380 1314 sub-

399 1343 623 1419 urbio
658 1341 983 1419 Ciuitatis
1020 1343 1282 1418 Poson.
1315 1357 1500 1431 sito,
1553 1367 1696 1443 per
1728 1341 2058 1419 Hussitas
2090 1359 2381 1431 exusto.

405 1450 702 1527 Ciuitati
732 1449 994 1522 Poson.
1031 1445 1125 1520 ad
1163 1446 1576 1551 regendum
1614 1449 2031 1525 commisso·

189 1559 559 1634 XXXIX·
618 1553 1051 1631 Conuentus
1095 1551 1191 1630 de
1251 1553 1544 1630 Chorna
1578 1549 1827 1630 literas
1881 1555 2386 1662 priuilegiales

412 1662 600 1740 Petri
643 1662 1001 1766 Episcopi
1043 1662 1425 1736 Jaurinen.
1463 1688 1663 1737 anno
1718 1668 1948 1739 131⁷.
2005 1689 2393 1741 concessas

411 1769 846 1864 transumit,
900 1794 1074 1844 cum
1114 1766 1403 1844 Notarii
1438 1767 1720 1872 publici
1756 1770 2331 1895 subscriptione.

192 1854 357 1957 XL.
403 1879 643 1954 Conu.
691 1875 786 1953 de
839 1873 1134 1951 Chorna
1184 1899 1407 1979 supet
1442 1874 1864 1993 quartalitio
1902 1881 2153 1954 exciso
2191 1891 2392 1953 atte-
2489 1978 2496 1981 -
2549 1906 2584 1917 ’-

408 2002 663 2060 Statur-

194 2094 383 2169 XLI.
435 2092 643 2167 Idem
673 2114 901 2194 super
938 2088 1183 2166 crocis
1223 2087 1533 2167 effossis.

196 2198 424 2275 XLII.
464 2197 812 2275 N1colaus
847 2195 942 2272 de
977 2198 1177 2272 Gara
1213 2196 1600 2275 Palatinus
1617 2197 2056 2303 longaeuam
2092 2226 2181 2274 ac
2213 2226 2400 2303 per-

410 2304 711 2412 plexam
746 2303 950 2381 litem
990 2303 1192 2379 circa
1231 2302 1395 2379 iura
1428 2328 1941 2406 possessorum
1978 2304 2188 2382 villae
2226 2304 2398 2382 Tel-

411 2414 571 2515 ky,
614 2404 1024 2488 Comitatus
1062 2408 1389 2515 Simigh.
1413 2409 1713 2489 decidit.

193 2518 459 2598 XLIII.
510 2491 722 2597 Idem
772 2519 991 2596 Palat.
1037 2543 1266 2620 super
1314 2517 1600 2596 actibus
1651 2520 2117 2623 potentiariis
2165 2520 2402 2596 Nicz-

406 2627 705 2703 kiorum
748 2623 1025 2729 inquiri
1071 2624 1302 2701 iubet.
2437 2639 2440 2644 '

191 2733 456 2812 XLIV.
505 2734 586 2810 C.
623 2732 1035 2809 Matthaeus
1075 2730 1170 2807 de
1206 2730 1508 2827 Palocz,
1548 2734 1594 2806 J
1599 2731 1795 2808 udex
1818 2695 2116 2810 Curiae
2131 2736 2400 2836 regiae,

412 2867 649 3021 super
679 2856 851 2916 actu
888 2839 1344 2945 potentian-io
1387 2856 1816 2980 perpetrato
1873 2842 2402 2919 testimoniales

412 2975 458 3024 e
496 2979 568 3024 ai
689 2974 798 3024 ur.

201 3054 443 3130 XLV.
512 2965 729 3132 Idgeitm
765 3077 1202 3160 processum
1244 3053 1738 3161 praefectioni
1774 3054 2400 3158 oppositionalem

415 3162 692 3241 definit.

194 3268 464 3346 XLVI.
517 3266 731 3347 Idem
777 3270 1047 3345 Comes
1096 3268 1769 3404 contradictionem
1806 3266 2098 3347 Nicolai
2140 3267 2398 3346 deGe-

414 3378 439 3450 l
534 3373 915 3452 diiudicat.
1609 3433 1614 3438 .

195 3406 494 3561 XLVIII
561 3481 768 3558 Idem
831 3486 1101 3558 Comes
1167 3482 1605 3574 Nicolaum,
1700 3479 1936 3557 filium
1982 3483 2250 3586 Konya
2301 3480 2397 3560 de

411 3589 761 3684 Bathor,
789 3616 939 3664 non
983 3608 1597 3712 comparentem,
1652 3590 2052 3672 conuincit.

202 3699 533 3775 XLVIn.
587 3696 1076 3773 Diuisionales
1122 3707 1356 3800 super
1403 3697 1872 3800 possessione
1914 3694 2260 3799 Villany,
2313 3698 2398 3772 in

412 3805 791 3880 Comitatu
824 3803 1195 3903 Baranya,
1251 3807 1450 3879 inter
1486 3801 1894 3896 Mathiam,
1954 3800 2397 3891 Ladislaum.

409 3936 498 3986 ac
530 3912 963 4003 Nicolaum,
1003 3912 1347 4001 Blasium,
1388 3908 1771 3987 Andream
1791 3907 1886 3985 de
1926 3909 2227 4014 Villany
2258 3938 2397 4016 per

411 4019 883 4094 conuentum
939 4015 1076 4094 de
1105 4013 1516 4094 Pecsvarad
1575 4016 2010 4120 expeditae.
2075 4034 2153 4094 et
2203 4044 2402 4093 anno

422 4132 649 4204 1429.
696 4150 836 4228 per
864 4127 1170 4201 Petrum
1189 4123 1440 4200 Chech
1480 4123 1598 4198 de
1611 4126 1878 4217 Lem,
1939 4123 2400 4228 Stephanum
2448 4222 2462 4236 ο
2512 4124 2522 4134 ’

416 4232 509 4307 de
550 4230 821 4333 Ujlak,
873 4221 1121 4308 Banos
1158 4229 1727 4311 Machouienses
1774 4250 2248 4310 transumtae.

322 4340 524 4417 Tom.
559 4341 657 4419 X.
689 4337 864 4416 Vol.
891 4340 1065 4440 ⁶VII.
1103 4340 1168 4412 b.
1964 4341 2015 4412 4
