2926 4849
2073 509 2076 514 ’
2155 523 2332 602 ὅστ’

210 765 367 816 uas
375 736 539 815 festi
583 737 663 816 B.
697 738 959 815 Jacobi
1002 739 1361 845 Apostoli
1384 764 1585 816 nunc
1625 731 1967 824 venturi,
2003 740 2080 815 in
2121 757 2412 818 vestrae

214 845 814 951 Magnificentiae
849 841 1234 925 euocasset
1266 848 1797 954 praesentiam,
1871 845 2019 922 litis
2079 848 2408 951 penden-

213 956 361 1047 tia,
419 952 478 1028 si
516 980 662 1057 qua
706 954 909 1029 foret
959 958 1156 1030 inter
1211 955 1437 1058 ipsos,
1487 982 1640 1029 non
1682 947 2047 1029 obstante.
2125 958 2406 1030 Datum
2518 995 2529 1011 ·
2656 1007 2670 1028 .

210 1078 427 1136 sexto
467 1058 585 1134 die
643 1060 788 1137 diei
846 1063 1335 1164 inquisitionis
1378 1078 1454 1135 et
1498 1060 1972 1136 euocationis
1999 1061 2412 1136 antedicta·

214 1193 405 1242 rum.
464 1163 687 1241 Asino
739 1168 1043 1242 Domini
1079 1166 1482 1264 Millesimo
1519 1165 2252 1306 quadringentesimo
2293 1169 2419 1245 tri·

218 1276 507 1376 gesimo
536 1273 777 1349 tertio.
1238 1309 1251 1322 ψ

299 1409 351 1469 E
380 1405 592 1468 cham
624 1401 921 1490 originali

756 1635 763 1644 ,
1135 1551 1507 1636 ccxxv,
1579 1525 1582 1534 ’

195 1690 539 1763 Capitulum
568 1692 808 1750 Albense
832 1697 1214 1780 praemissum
1240 1699 1395 1770 rogis
1423 1698 1751 1753 mandatum
1780 1699 2093 1770 exequitur.
2130 1697 2202 1752 A.
2246 1694 2414 1750 1433.

412 1810 900 1892 Serenissimo
945 1815 1286 1918 Principi,
1333 1795 1659 1893 Domino
1700 1812 2226 1921 sigismundo,
2268 1813 2416 1888 Dei

215 1923 451 2022 gratia
490 1923 1005 1997 Romanorum
1038 1948 1334 2028 semper
1374 1930 1765 2026 Auguste,
1826 1939 1914 1999 a'c
1951 1922 2415 2045 Hungariae3

214 2027 658 2120 Bohemiae,
706 2031 1160 2126 Dalmatiae,
1217 2030 1606 2124 Croatiae‚
1662 2048 1802 2105 etc.
1862 2017 2098 2130 Regi,
2161 2024 2421 2101 Domi-

215 2142 321 2208 ι“ιο
366 2137 699 2239 ipsomm
729 2134 1155 2212 metuendo.
1216 2136 1637 2240 Capitulum
1683 2136 2076 2213 Ecclesiae
2123 2133 2421 2208 Alben-

160 2244 321 2318 ‚sis
389 2244 779 2318 orationes
833 2245 907 2314 in
970 2245 1298 2320 Domino
1353 2262 1714 2347 perpetua
1793 2269 1966 2319 cum
2031 2238 2405 2316 fidelitate.

212 2347 485 2423 Vestra
525 2354 818 2424 nouerit
862 2348 1281 2441 Scienitas,
1338 2352 1548 2454 quod
1599 2377 1737 2428 nos
1793 2343 2038 2428 literas
2088 2364 2418 2437 Vestras,

214 2456 485 2530 maiori
523 2456 761 2556 sigillo
791 2475 1038 2533 vestro
1077 2462 1544 2561 consignatas
1577 2459 1943 2561 nobisque
1978 2468 2420 2563 praecepto-

213 2565 371 2638 riae
403 2561 760 2657 directas,
812 2590 1104 2640 summo
1142 2593 1312 2643 cum
1351 2564 1645 2642 honore
1669 2568 2088 2669 recepimus
2121 2566 2196 2638 in
2228 2563 2415 2639 haec

214 2668 488 2744 verba.
547 2666 1073 2773 sigismundus
1105 2672 1218 2770 (vt
1248 2673 1530 2776 supra.)
1587 2672 1810 2748 Vnde
1870 2699 2009 2750 nos
2056 2669 2422 2746 mandatis

184 2775 585 2853 ‚eiusmodi
610 2784 908 2855 vestiae
953 2778 1395 2855 Sei-enitatis
1452 2803 1749 2884 semper
1794 2794 1871 2855 et
1925 2781 2003 2855 in
2073 2776 2425 2855 omnibus

213 2884 505 2960 set-uine
558 2886 985 2988 cupientes,
1060 2903 1140 2961 vt
1191 2904 1575 2981 tenemur,
1654 2912 1801 2961 vna
1859 2884 2033 2962 cum
2086 2883 2423 2989 praefato

214 2989 622 3064 Valentino
667 2992 767 3065 de
803 2988 1033 3086 Alba,
1087 2989 1389 3067 homine
1422 3010 1713 3085 vestro,
1785 3009 2122 3067 nostrum
2171 2986 2426 3065 homi-

216 3122 396 3171 nem
433 3078 780 3172 videlicet
816 3096 1116 3176 Petrum
1156 3088 1393 3192 Cher,
1421 3097 1845 3202 praedictae
1875 3096 2254 3172 Ecclesiae
2290 3122 2421 3172 no—

216 3221 418 3278 strae
457 3204 850 3299 Olet-icum,
885 3207 979 3281 ad
1019 3202 1416 3309 praemissa
1452 3200 1774 3281 fideliter
1818 3201 2241 3310 peragenda
2286 3229 2425 3279 no·

217 3320 379 3386 stro
411 3328 555 3413 pro
614 3316 1040 3390 testimonio
1102 3306 1808 3406 transmisissemus»,
1877 3308 2024 3385 fide
2087 3309 2423 3412 dignum.

216 3417 354 3519 qui
397 3414 695 3491 tandem
728 3419 1000 3495 exinde
1039 3420 1132 3496 ad
1180 3446 1322 3497 nos
1366 3419 1703 3513 reuersi,
1756 3417 1975 3495 nobis
2016 3416 2424 3492 vniformi-

208 3536 342 3600 ter
395 3524 828 3623 retulerunt.
890 3527 1180 3617 Quod
1157 3531 1299 3634 ipsi
1343 3528 1550 3604 feria
1569 3543 1831 3629 quarta
1867 3524 2214 3627 proxima
2229 3536 2424 3625 post

220 3632 502 3707 festum
536 3612 952 3709 Natiuitatis
984 3636 1187 3712 Beati
1244 3637 1551 3711 Joannis
1597 3633 2027 3755 Baptistae,
2077 3628 2430 3735 proxime

213 3737 752 3843 praeteritum,
809 3741 1179 3843 praefatos
1224 3741 1620 3819 Albertum
1666 3757 1744 3816 et
1799 3735 2203 3813 Dominam
2257 3763 2428 3869 ma-
2509 3822 2516 3827 ,

217 3864 424 3919 trem
459 3842 792 3920 eiusdem
819 3896 843 3938 9
899 3850 975 3921 in
1016 3848 1364 3953 portione
1407 3876 1673 3939 eorum
1711 3845 2311 3949 possessionaria
2347 3845 2429 3917 in

215 3951 684 4057 possessione
724 3953 926 4031 Sewi
967 3950 1249 4054 (Ewrs)
1289 3954 1703 4058 praedicto,
1740 3952 1975 4028 verbo
2011 3968 2269 4026 nostro
2311 3975 2423 4025 re-

216 4060 352 4162 gio
391 4056 930 4155 admonuisset,
986 4080 1066 4138 vt
1102 4064 1244 4167 ipsi
1276 4062 1370 4138 de
1411 4060 1809 4188 praedictis
1841 4056 2187 4133 censibus
2227 4058 2423 4162 ipso-

217 4192 398 4241 rum
434 4163 759 4240 duorum
788 4194 1156 4270 annorum
1196 4198 1346 4247 non
1390 4167 1660 4247 solutis
1695 4182 1770 4242 et
1801 4162 2090 4269 dupplo
2129 4186 2426 4240 eorum-

221 4272 421 4350 dem
449 4262 867 4354 memorato
907 4275 1338 4360 conuentui
1354 4268 1798 4362 satisfacere
1816 4331 1840 4374 ,
1893 4269 2436 4379 praescriptas·
2475 4298 2478 4301 ·
