2926 4849
635 447 738 517 60

740 654 1215 762 sigismundo
1251 657 1343 736 R.
1400 655 1496 733 H.
1551 682 1685 751 ea,
1740 657 2056 761 quaein
2108 654 2501 733 Conuentu
2560 679 2724 763 pu-

739 765 945 843 blico
987 761 1311 841 Budensi
1349 764 1823 860 acciderant,
1877 764 2189 842 intimat.
2385 829 2395 839 .

526 869 955 948 CLXXIX.
987 868 1417 977 Capitulum
1450 873 1836 975 Jauriense
1864 873 2329 949 Conuentum
2368 868 2461 943 de
2499 867 2725 945 Chor-

742 981 953 1159 nadin
1014 982 1557 1083 possessionem
1615 977 1855 1056 Sarod
1916 979 2074 1055 sine
2130 976 2725 1054 contradictione

740 1112 820 1161 ιιι
880 1104 1181 1182 uotum,
1239 1102 1571 1162 testatur.

513 1189 899 1273 CLXXX.
956 1191 1372 1298 Capitulum
1405 1190 1746 1270 Budense
1791 1193 2108 1271 formam
2144 1187 2399 1268 iudicii
2452 1184 2728 1267 Eccle-

749 1297 1017 1378 siastici
1061 1297 1387 1391 exhibet.

529 1403 933 1482 CLXXXI.
987 1407 1406 1512 Capitulum
1468 1406 1990 1513 Wesprimien.
2045 1402 2726 1483 contradictionem

743 1500 1099 1593 aduersus
1156 1512 1262 1589 M.
1318 1511 1778 1618 Stephanum
1834 1513 1931 1590 de
1991 1508 2322 1618 Rozgon.
2377 1529 2458 1588 et
2516 1514 2727 1589 Con·-

720 1637 1028 1697 sortem
1066 1621 1224 1699 eius
1260 1622 1820 1724 interpositam,
1873 1638 2279 1699 attestatur.

528 1723 983 1804 CLXXXII.
1041 1720 1362 1834 Capituli
1392 1727 1743 1806 Albensis
1774 1754 2003 1835 super
2041 1753 2174 1803 sex
2213 1725 2521 1867 florenis
2556 1723 2721 1802 auri

742 1832 1134 1939 obligatis,
1189 1832 1390 1911 haud
1427 1835 1732 1930 solutis,
1785 1834 2274 1914 memoriales.

529 1862 1018 2016 CLXXXIII.
1074 1942 1309 2018 Conu.
1364 1941 1459 2017 de
1518 1942 1930 2045 Kapornak
1982 1936 2496 2043 inquisitoriae
2544 1962 2724 2015 con-

745 2063 858 2122 tra
894 2045 1350 2152 Stephanum
1387 2049 1485 2125 de
1527 2046 1716 2123 Alsc')
1753 2047 2083 2125 Lendua.

528 2152 1013 2231 CLXXXIV.
1068 2156 1421 2233 Nicolaus
1474 2153 1569 2231 de
1628 2156 1826 2250 Gara
1872 2154 2241 2235 Palatinus
2298 2154 2375 2229 in
2428 2176 2723 2228 causam

740 2262 1112 2363 attractis,
1179 2288 1334 2337 non
1393 2257 2062 2365 respondentibus,
2138 2261 2360 2336 trium
2425 2285 2726 2334 marca-
2769 2279 2784 2287 ·

740 2390 913 2444 rum
951 2360 1270 2471 birsagio
1307 2364 1722 2463 mulctatis,
1777 2394 2071 2447 causam
2115 2383 2494 2471 prorogat.

532 2473 990 2552 CLXXXV.
1045 2471 1348 2553 Sedriae
1394 2475 1794 2582 Comitatus
1831 2475 1925 2553 de
1982 2476 2268 2555 Tholna
2317 2471 2724 2552 documen·

536 2627 547 2630 ⁴
747 2599 925 2659 tum.

532 2687 1019 2766 CLXXXVI.
1077 2688 1486 2769 Comitatus
1522 2690 1618 2767 de
1663 2691 1994 2795 Baran'ya
2030 2688 2585 2768 Wechefalvios
2628 2685 2728 2763 de

742 2796 1000 2903 spoliis
1056 2798 1469 2875 commissis
1526 2799 1899 2878 incusatos
1950 2815 2353 2892 euocatos,
2425 2822 2515 2872 ac
2568 2823 2726 2873 non

648 2911 653 2916 '
740 2905 1121 2981 venientes
1157 2909 1232 2982 in
1278 2906 1326 2978 J
1332 2904 1592 2982 udlcns
1636 2907 2035 2985 conuincit.
2187 2921 2196 2934 ¹

529 3009 1068 3088 CLXXXVII.
1126 3015 1534 3090 Comitatus
1579 3014 1875 3091 Gumur
1918 3037 2144 3124 super
2203 3012 2530 3090 sessione
2583 3037 2727 3085 vna

726 3118 1323 3223 Jobbagionali
1303 3148 1379 3196 m
1424 3119 1574 3197 Zaz
1611 3147 1757 3224 per
1787 3117 2195 3198 Rectorem
2216 3117 2595 3199 Ecclesiae
2631 3115 2728 3194 de

520 3259 525 3266 ·
740 3224 878 3300 Va!
923 3227 1534 3332 impignoratitias
1581 3227 1951 3329 elargitur.

516 3328 1084 3408 CLXXXVIII.
1139 3332 1435 3411 Franko
1497 3334 1594 3411 de
1635 3335 1936 3413 Tallocz
1998 3333 2269 3410 Comes
2312 3332 2733 3412 Kewiensis

742 3435 897 3513 filio
935 3441 1135 3541 Hym
1173 3437 1267 3515 de
1303 3441 1671 3517 Remethe
1710 3441 2265 3566 inquisitionem
2309 3443 2389 3517 in
2434 3439 2730 3517 Po'sses·

745 3547 961 3622 sione
995 3546 1120 3625 δι.
1152 3547 1474 3650 Gyiirgy
1515 3550 1935 3625 committit.

1304 3713 1594 3790 Anno
1673 3717 1953 3789 1433.

529 3860 1039 3942 CLXXXIX.
1093 3863 1619 3967 sigismundus
1670 3867 1762 3943 R.
1801 3865 1895 3941 H.
1961 3863 2209 3942 literas
2252 3887 2417 3939 suas
2453 3857 2732 3942 musta-i

744 3968 1077 4072 Georgio
1125 3974 1435 4050 Rasciae
1493 3974 1832 4101 Despoto
1899 3998 2040 4076 per
2105 3971 2576 4048 conuentum
2628 3969 2727 4046 de

744 4074 1004 4152 Lelesz
1078 4081 1573 4181 praesentari,
1671 4083 2033 4180 huiusque
2085 4102 2522 4184 responsum
2580 4062 2728 4156 sibi

746 4181 1073 4265 submitti
1144 4186 1462 4267 mandat.
