<?xml version="1.0" encoding="UTF-8"?>
<!DOCTYPE html PUBLIC "-//W3C//DTD XHTML 1.0 Transitional//EN"
    "http://www.w3.org/TR/xhtml1/DTD/xhtml1-transitional.dtd">
<html xmlns="http://www.w3.org/1999/xhtml" xml:lang="en" lang="en">
 <head>
  <title>
</title>
<meta http-equiv="Content-Type" content="text/html;charset=utf-8" />
  <meta name='ocr-system' content='tesseract 3.04.00' />
  <meta name='ocr-capabilities' content='ocr_page ocr_carea ocr_par ocr_line ocrx_word'/>
</head>
<body>
  <div class='ocr_page' id='page_1' title='image "./codexdiplomatic00fejgoog_0803.png"; bbox 0 0 2926 4849; ppageno 0'>
   <div class='ocr_carea' id='block_1_1' title="bbox 2071 461 2217 545">
    <p class='ocr_par' dir='ltr' id='par_1_1' title="bbox 2071 461 2217 545">
     <span class='ocr_line' id='line_1_1' title="bbox 2071 461 2217 545; baseline 0.021 -15"><span class='ocrx_word' id='word_1_1' title='bbox 2071 461 2217 545; x_wconf 77' lang='lat'><strong>783</strong></span> 
     </span>
    </p>
   </div>
   <div class='ocr_carea' id='block_1_2' title="bbox 136 656 2324 1271">
    <p class='ocr_par' dir='ltr' id='par_1_2' title="bbox 136 656 2324 1271">
     <span class='ocr_line' id='line_1_2' title="bbox 145 656 2324 774; baseline 0.004 -37"><span class='ocrx_word' id='word_1_2' title='bbox 145 656 419 737; x_wconf 78' lang='lat' dir='ltr'><strong>Datum</strong></span> <span class='ocrx_word' id='word_1_3' title='bbox 471 662 799 740; x_wconf 79' lang='lat' dir='ltr'><strong>Viennae</strong></span> <span class='ocrx_word' id='word_1_4' title='bbox 835 658 1044 765; x_wconf 57' lang='lat' dir='ltr'><strong>{seria</strong></span> <span class='ocrx_word' id='word_1_5' title='bbox 1101 670 1424 748; x_wconf 86' lang='lat' dir='ltr'><strong>secunda</strong></span> <span class='ocrx_word' id='word_1_6' title='bbox 1472 671 1813 774; x_wconf 82' lang='lat' dir='ltr'><strong>proxima</strong></span> <span class='ocrx_word' id='word_1_7' title='bbox 1853 686 2018 772; x_wconf 87' lang='lat' dir='ltr'><strong>post</strong></span> <span class='ocrx_word' id='word_1_8' title='bbox 2051 670 2324 763; x_wconf 73' lang='lat' dir='ltr'><strong>festum</strong></span> 
     </span>
     <span class='ocr_line' id='line_1_3' title="bbox 144 770 2322 869; baseline 0.002 -25"><span class='ocrx_word' id='word_1_9' title='bbox 144 770 611 845; x_wconf 52' lang='lat' dir='ltr'><strong>Ascen‘sionis</strong></span> <span class='ocrx_word' id='word_1_10' title='bbox 657 772 966 847; x_wconf 88' lang='lat' dir='ltr'><strong>Domini.</strong></span> <span class='ocrx_word' id='word_1_11' title='bbox 994 773 1219 850; x_wconf 89' lang='lat' dir='ltr'><strong>Anno</strong></span> <span class='ocrx_word' id='word_1_12' title='bbox 1256 773 1589 851; x_wconf 87' lang='lat' dir='ltr'><strong>eiusdem</strong></span> <span class='ocrx_word' id='word_1_13' title='bbox 1631 774 2067 869; x_wconf 71' lang='lat' dir='ltr'><strong>millesimo,</strong></span> <span class='ocrx_word' id='word_1_14' title='bbox 2123 777 2322 864; x_wconf 79' lang='lat' dir='ltr'><strong>Qua-</strong></span> 
     </span>
     <span class='ocr_line' id='line_1_4' title="bbox 138 875 2320 982; baseline 0.005 -32"><span class='ocrx_word' id='word_1_15' title='bbox 138 875 723 975; x_wconf 79' lang='lat' dir='ltr'><strong>dringentesimo</strong></span> <span class='ocrx_word' id='word_1_16' title='bbox 771 881 1184 956; x_wconf 88' lang='lat' dir='ltr'><strong>Tricesimo</strong></span> <span class='ocrx_word' id='word_1_17' title='bbox 1225 901 1481 975; x_wconf 84' lang='lat' dir='ltr'><strong>sexto,</strong></span> <span class='ocrx_word' id='word_1_18' title='bbox 1533 880 1973 982; x_wconf 78' lang='lat' dir='ltr'>Regnorum</span> <span class='ocrx_word' id='word_1_19' title='bbox 2013 899 2320 960; x_wconf 85' lang='lat' dir='ltr'><strong>nostro·-</strong></span> 
     </span>
     <span class='ocr_line' id='line_1_5' title="bbox 136 983 2318 1093; baseline 0.002 -34"><span class='ocrx_word' id='word_1_20' title='bbox 136 1005 308 1059; x_wconf 84' lang='lat' dir='ltr'><strong>rum</strong></span> <span class='ocrx_word' id='word_1_21' title='bbox 339 987 561 1057; x_wconf 82' lang='lat' dir='ltr'><strong>A-nno</strong></span> <span class='ocrx_word' id='word_1_22' title='bbox 596 983 1015 1088; x_wconf 82' lang='lat' dir='ltr'><strong>Hungariae</strong></span> <span class='ocrx_word' id='word_1_23' title='bbox 1049 1006 1191 1061; x_wconf 83' lang='lat' dir='ltr'><strong>etc.</strong></span> <span class='ocrx_word' id='word_1_24' title='bbox 1235 990 1880 1093; x_wconf 80' lang='lat' dir='ltr'><strong>quinquagesimO,</strong></span> <span class='ocrx_word' id='word_1_25' title='bbox 1934 986 2318 1064; x_wconf 87' lang='lat' dir='ltr'><strong>Romano·-</strong></span> 
     </span>
     <span class='ocr_line' id='line_1_6' title="bbox 137 1088 2322 1199; baseline 0.004 -36"><span class='ocrx_word' id='word_1_26' title='bbox 137 1115 309 1163; x_wconf 87' lang='lat' dir='ltr'><strong>rum</strong></span> <span class='ocrx_word' id='word_1_27' title='bbox 363 1088 722 1193; x_wconf 76' lang='lat' dir='ltr'><strong>vigesimo</strong></span> <span class='ocrx_word' id='word_1_28' title='bbox 778 1107 1033 1183; x_wconf 81' lang='lat' dir='ltr'><strong>sexto,</strong></span> <span class='ocrx_word' id='word_1_29' title='bbox 1097 1095 1497 1171; x_wconf 83' lang='lat' dir='ltr'><strong>Bohemiae</strong></span> <span class='ocrx_word' id='word_1_30' title='bbox 1546 1092 1964 1190; x_wconf 85' lang='lat' dir='ltr'><strong>sedecimo,</strong></span> <span class='ocrx_word' id='word_1_31' title='bbox 2016 1096 2322 1199; x_wconf 83' lang='lat' dir='ltr'><strong>Imperii</strong></span> 
     </span>
     <span class='ocr_line' id='line_1_7' title="bbox 137 1197 614 1271; baseline 0.002 -2"><span class='ocrx_word' id='word_1_32' title='bbox 137 1222 323 1270; x_wconf 72' lang='lat' dir='ltr'><strong>vero</strong></span> <span class='ocrx_word' id='word_1_33' title='bbox 369 1197 614 1271; x_wconf 61' lang='lat' dir='ltr'><strong>tertio}</strong></span> 
     </span>
    </p>
   </div>
   <div class='ocr_carea' id='block_1_3' title="bbox 223 1318 2316 1411">
    <p class='ocr_par' dir='ltr' id='par_1_3' title="bbox 223 1318 2316 1411">
     <span class='ocr_line' id='line_1_8' title="bbox 223 1318 2316 1411; baseline 0.003 -30"><span class='ocrx_word' id='word_1_34' title='bbox 223 1319 529 1404; x_wconf 79' lang='lat' dir='ltr'>originale</span> <span class='ocrx_word' id='word_1_35' title='bbox 561 1318 909 1388; x_wconf 70' lang='lat' dir='ltr'><strong>asservatur</strong></span> <span class='ocrx_word' id='word_1_36' title='bbox 942 1324 1002 1385; x_wconf 91' lang='lat' dir='ltr'><strong>in</strong></span> <span class='ocrx_word' id='word_1_37' title='bbox 1045 1321 1318 1389; x_wconf 81' lang='lat' dir='ltr'>Archino</span> <span class='ocrx_word' id='word_1_38' title='bbox 1355 1329 1427 1390; x_wconf 64' lang='lat'><strong>1„-</strong></span> <span class='ocrx_word' id='word_1_39' title='bbox 1455 1329 1528 1390; x_wconf 76' lang='lat' dir='ltr'><strong>R.</strong></span> <span class='ocrx_word' id='word_1_40' title='bbox 1564 1326 1833 1394; x_wconf 83' lang='lat' dir='ltr'><strong>Civitatis</strong></span> <span class='ocrx_word' id='word_1_41' title='bbox 1871 1324 2316 1411; x_wconf 81' lang='lat' dir='ltr'><strong>Soproniensis.</strong></span> 
     </span>
    </p>
   </div>
   <div class='ocr_carea' id='block_1_4' title="bbox 873 1470 1446 1588">
    <p class='ocr_par' dir='ltr' id='par_1_4' title="bbox 873 1470 1446 1588">
     <span class='ocr_line' id='line_1_9' title="bbox 873 1470 1446 1588; baseline -0.002 -3"><span class='ocrx_word' id='word_1_42' title='bbox 873 1470 886 1479; x_wconf 78' lang='grc'><strong>’</strong></span> <span class='ocrx_word' id='word_1_43' title='bbox 1009 1509 1446 1588; x_wconf 81' lang='lat' dir='ltr'>CCCLXX.</span> 
     </span>
    </p>
   </div>
   <div class='ocr_carea' id='block_1_5' title="bbox 135 1648 2313 1723">
    <p class='ocr_par' dir='ltr' id='par_1_5' title="bbox 135 1648 2313 1723">
     <span class='ocr_line' id='line_1_10' title="bbox 135 1648 2313 1723; baseline -0.001 -19"><span class='ocrx_word' id='word_1_44' title='bbox 135 1649 491 1723; x_wconf 63' lang='lat' dir='ltr'><strong>&amp;gismundo</strong></span> <span class='ocrx_word' id='word_1_45' title='bbox 529 1648 705 1722; x_wconf 78' lang='lat' dir='ltr'><strong>legati</strong></span> <span class='ocrx_word' id='word_1_46' title='bbox 741 1648 1009 1704; x_wconf 76' lang='lat' dir='ltr'><strong>Polouiae</strong></span> <span class='ocrx_word' id='word_1_47' title='bbox 1040 1652 1192 1723; x_wconf 73' lang='lat' dir='ltr'><strong>regis</strong></span> <span class='ocrx_word' id='word_1_48' title='bbox 1225 1653 1323 1706; x_wconf 71' lang='lat' dir='ltr'><strong>sui</strong></span> <span class='ocrx_word' id='word_1_49' title='bbox 1352 1652 1679 1706; x_wconf 64' lang='lat' dir='ltr'><strong>mandatum</strong></span> <span class='ocrx_word' id='word_1_50' title='bbox 1709 1664 2013 1721; x_wconf 68' lang='lat' dir='ltr'><strong>exponunt.</strong></span> <span class='ocrx_word' id='word_1_51' title='bbox 2049 1649 2117 1705; x_wconf 77' lang='lat' dir='ltr'><strong>A.</strong></span> <span class='ocrx_word' id='word_1_52' title='bbox 2158 1648 2313 1707; x_wconf 75' lang='lat'><strong>143⁶.</strong></span> 
     </span>
    </p>
   </div>
   <div class='ocr_carea' id='block_1_6' title="bbox 121 1756 2359 2720">
    <p class='ocr_par' dir='ltr' id='par_1_6' title="bbox 121 1756 2359 2720">
     <span class='ocr_line' id='line_1_11' title="bbox 328 1756 2318 1870; baseline 0.002 -29"><span class='ocrx_word' id='word_1_53' title='bbox 328 1756 431 1841; x_wconf 77' lang='lat' dir='ltr'><strong>Vt</strong></span> <span class='ocrx_word' id='word_1_54' title='bbox 472 1764 830 1867; x_wconf 85' lang='lat' dir='ltr'><strong>quoniam</strong></span> <span class='ocrx_word' id='word_1_55' title='bbox 888 1763 1038 1841; x_wconf 87' lang='lat' dir='ltr'><strong>iam</strong></span> <span class='ocrx_word' id='word_1_56' title='bbox 1094 1766 1252 1870; x_wconf 88' lang='lat' dir='ltr'><strong>ipse</strong></span> <span class='ocrx_word' id='word_1_57' title='bbox 1306 1769 1707 1858; x_wconf 76' lang='lat' dir='ltr'><strong>senuisset,</strong></span> <span class='ocrx_word' id='word_1_58' title='bbox 1762 1781 1833 1841; x_wconf 88' lang='lat' dir='ltr'><strong>et</strong></span> <span class='ocrx_word' id='word_1_59' title='bbox 1894 1791 2035 1842; x_wconf 88' lang='lat' dir='ltr'><strong>nee</strong></span> <span class='ocrx_word' id='word_1_60' title='bbox 2079 1790 2175 1842; x_wconf 83' lang='lat' dir='ltr'><strong>ex</strong></span> <span class='ocrx_word' id='word_1_61' title='bbox 2232 1791 2318 1844; x_wconf 77' lang='lat' dir='ltr'><strong>se</strong></span> 
     </span>
     <span class='ocr_line' id='line_1_12' title="bbox 124 1869 2318 1975; baseline 0 -28"><span class='ocrx_word' id='word_1_62' title='bbox 124 1898 275 1948; x_wconf 80' lang='lat' dir='ltr'><strong>neo</strong></span> <span class='ocrx_word' id='word_1_63' title='bbox 317 1896 410 1946; x_wconf 78' lang='lat' dir='ltr'><strong>ex</strong></span> <span class='ocrx_word' id='word_1_64' title='bbox 459 1871 604 1945; x_wconf 82' lang='lat' dir='ltr'><strong>filia</strong></span> <span class='ocrx_word' id='word_1_65' title='bbox 645 1869 1004 1947; x_wconf 84' lang='lat' dir='ltr'><strong>haeredes</strong></span> <span class='ocrx_word' id='word_1_66' title='bbox 1053 1871 1416 1957; x_wconf 82' lang='lat' dir='ltr'><strong>masculos</strong></span> <span class='ocrx_word' id='word_1_67' title='bbox 1451 1898 1531 1947; x_wconf 89' lang='lat' dir='ltr'><strong>se</strong></span> <span class='ocrx_word' id='word_1_68' title='bbox 1586 1873 2059 1975; x_wconf 75' lang='lat' dir='ltr'><strong>relinquere,</strong></span> <span class='ocrx_word' id='word_1_69' title='bbox 2112 1869 2318 1948; x_wconf 83' lang='lat' dir='ltr'><strong>vide-</strong></span> 
     </span>
     <span class='ocr_line' id='line_1_13' title="bbox 126 1976 2322 2082; baseline 0.001 -29"><span class='ocrx_word' id='word_1_70' title='bbox 126 1996 292 2073; x_wconf 79' lang='lat' dir='ltr'><strong>ret3</strong></span> <span class='ocrx_word' id='word_1_71' title='bbox 350 1977 887 2070; x_wconf 58' lang='lat' dir='ltr'><strong>WVladislaum,</strong></span> <span class='ocrx_word' id='word_1_72' title='bbox 960 2002 1210 2080; x_wconf 81' lang='lat' dir='ltr'><strong>regem</strong></span> <span class='ocrx_word' id='word_1_73' title='bbox 1253 1976 1666 2067; x_wconf 78' lang='lat' dir='ltr'><strong>Poloniae,</strong></span> <span class='ocrx_word' id='word_1_74' title='bbox 1737 1996 1812 2054; x_wconf 91' lang='lat' dir='ltr'><strong>et</strong></span> <span class='ocrx_word' id='word_1_75' title='bbox 1884 2004 2322 2082; x_wconf 80' lang='lat' dir='ltr'><strong>germanum</strong></span> 
     </span>
     <span class='ocr_line' id='line_1_14' title="bbox 125 2082 2321 2189; baseline 0 -29"><span class='ocrx_word' id='word_1_76' title='bbox 125 2111 392 2174; x_wconf 79' lang='lat' dir='ltr'><strong>suum,</strong></span> <span class='ocrx_word' id='word_1_77' title='bbox 444 2085 709 2160; x_wconf 88' lang='lat' dir='ltr'><strong>ducem</strong></span> <span class='ocrx_word' id='word_1_78' title='bbox 743 2084 1217 2179; x_wconf 77' lang='lat' dir='ltr'><strong>casimirum,</strong></span> <span class='ocrx_word' id='word_1_79' title='bbox 1271 2085 1346 2158; x_wconf 89' lang='lat' dir='ltr'><strong>in</strong></span> <span class='ocrx_word' id='word_1_80' title='bbox 1382 2082 1567 2159; x_wconf 76' lang='lat' dir='ltr'><strong>filios</strong></span> <span class='ocrx_word' id='word_1_81' title='bbox 1608 2083 1990 2189; x_wconf 85' lang='lat' dir='ltr'><strong>adoptans,</strong></span> <span class='ocrx_word' id='word_1_82' title='bbox 2047 2084 2156 2160; x_wconf 89' lang='lat' dir='ltr'><strong>eis</strong></span> <span class='ocrx_word' id='word_1_83' title='bbox 2195 2111 2321 2161; x_wconf 88' lang='lat' dir='ltr'><strong>ne·</strong></span> 
     </span>
     <span class='ocr_line' id='line_1_15' title="bbox 122 2188 2314 2298; baseline -0.001 -28"><span class='ocrx_word' id='word_1_84' title='bbox 122 2212 294 2298; x_wconf 84' lang='lat' dir='ltr'><strong>ptes</strong></span> <span class='ocrx_word' id='word_1_85' title='bbox 351 2216 550 2285; x_wconf 85' lang='lat' dir='ltr'><strong>suas,</strong></span> <span class='ocrx_word' id='word_1_86' title='bbox 630 2189 813 2266; x_wconf 85' lang='lat' dir='ltr'><strong>filias</strong></span> <span class='ocrx_word' id='word_1_87' title='bbox 859 2191 1087 2269; x_wconf 83' lang='lat' dir='ltr'><strong>Ducis</strong></span> <span class='ocrx_word' id='word_1_88' title='bbox 1129 2191 1475 2266; x_wconf 86' lang='lat' dir='ltr'><strong>Austriae</strong></span> <span class='ocrx_word' id='word_1_89' title='bbox 1522 2188 1854 2286; x_wconf 81' lang='lat' dir='ltr'><strong>Alberti,</strong></span> <span class='ocrx_word' id='word_1_90' title='bbox 1910 2210 2314 2296; x_wconf 81' lang='lat' dir='ltr'><strong>antequam</strong></span> 
     </span>
     <span class='ocr_line' id='line_1_16' title="bbox 121 2297 2318 2403; baseline -0.002 -26"><span class='ocrx_word' id='word_1_91' title='bbox 121 2301 296 2377; x_wconf 84' lang='lat' dir='ltr'><strong>fatis</strong></span> <span class='ocrx_word' id='word_1_92' title='bbox 341 2297 775 2391; x_wconf 76' lang='lat' dir='ltr'><strong>excederet,</strong></span> <span class='ocrx_word' id='word_1_93' title='bbox 837 2298 1364 2402; x_wconf 81' lang='lat' dir='ltr'><strong>desponsaret3</strong></span> <span class='ocrx_word' id='word_1_94' title='bbox 1434 2324 1773 2401; x_wconf 82' lang='lat' dir='ltr'><strong>magnam</strong></span> <span class='ocrx_word' id='word_1_95' title='bbox 1832 2299 2318 2403; x_wconf 70' lang='lat' dir='ltr'><strong>tranquillita-</strong></span> 
     </span>
     <span class='ocr_line' id='line_1_17' title="bbox 125 2402 2359 2512; baseline -0.001 -29"><span class='ocrx_word' id='word_1_96' title='bbox 125 2427 283 2486; x_wconf 84' lang='lat' dir='ltr'><strong>tem</strong></span> <span class='ocrx_word' id='word_1_97' title='bbox 323 2404 656 2512; x_wconf 83' lang='lat' dir='ltr'><strong>pluribus</strong></span> <span class='ocrx_word' id='word_1_98' title='bbox 685 2407 933 2509; x_wconf 83' lang='lat' dir='ltr'><strong>regnis</strong></span> <span class='ocrx_word' id='word_1_99' title='bbox 976 2405 1100 2480; x_wconf 76' lang='lat' dir='ltr'><strong>tali</strong></span> <span class='ocrx_word' id='word_1_100' title='bbox 1135 2402 1538 2490; x_wconf 83' lang='lat' dir='ltr'><strong>connubio,</strong></span> <span class='ocrx_word' id='word_1_101' title='bbox 1584 2433 1925 2508; x_wconf 84' lang='lat' dir='ltr'><strong>magnam</strong></span> <span class='ocrx_word' id='word_1_102' title='bbox 1967 2423 2316 2509; x_wconf 82' lang='lat' dir='ltr'><strong>stragem,</strong></span> <span class='ocrx_word' id='word_1_103' title='bbox 2356 2491 2359 2500; x_wconf 73' lang='lat'><em>,</em></span> 
     </span>
     <span class='ocr_line' id='line_1_18' title="bbox 125 2503 2320 2615; baseline -0.001 -24"><span class='ocrx_word' id='word_1_104' title='bbox 125 2515 629 2591; x_wconf 77' lang='lat' dir='ltr'><strong>turbationem</strong></span> <span class='ocrx_word' id='word_1_105' title='bbox 655 2568 677 2603; x_wconf 93' lang='lat'><strong>,</strong></span> <span class='ocrx_word' id='word_1_106' title='bbox 736 2530 812 2588; x_wconf 90' lang='lat' dir='ltr'><strong>et</strong></span> <span class='ocrx_word' id='word_1_107' title='bbox 850 2539 1189 2615; x_wconf 81' lang='lat' dir='ltr'><strong>guerram</strong></span> <span class='ocrx_word' id='word_1_108' title='bbox 1228 2510 1720 2614; x_wconf 67' lang='lat' dir='ltr'><strong>denegatione</strong></span> <span class='ocrx_word' id='word_1_109' title='bbox 1767 2503 2186 2599; x_wconf 68' lang='lat' dir='ltr'><strong>relicturus,</strong></span> <span class='ocrx_word' id='word_1_110' title='bbox 2240 2530 2320 2589; x_wconf 83' lang='lat' dir='ltr'><strong>et</strong></span> 
     </span>
     <span class='ocr_line' id='line_1_19' title="bbox 122 2614 2310 2720; baseline -0.001 -24"><span class='ocrx_word' id='word_1_111' title='bbox 122 2624 527 2720; x_wconf 72' lang='lat' dir='ltr'><strong>niaximum</strong></span> <span class='ocrx_word' id='word_1_112' title='bbox 563 2620 933 2708; x_wconf 88' lang='lat' dir='ltr'><strong>meritum,</strong></span> <span class='ocrx_word' id='word_1_113' title='bbox 988 2636 1114 2692; x_wconf 86' lang='lat' dir='ltr'><strong>aut</strong></span> <span class='ocrx_word' id='word_1_114' title='bbox 1142 2618 1585 2694; x_wconf 80' lang='lat' dir='ltr'><strong>demeritum</strong></span> <span class='ocrx_word' id='word_1_115' title='bbox 1619 2616 2082 2695; x_wconf 83' lang='lat' dir='ltr'><strong>habiturus.“</strong></span> <span class='ocrx_word' id='word_1_116' title='bbox 2140 2614 2310 2694; x_wconf 83' lang='lat' dir='ltr'><strong>Pra-</strong></span> 
     </span>
    </p>
   </div>
   <div class='ocr_carea' id='block_1_7' title="bbox 123 2725 1531 2941">
    <p class='ocr_par' dir='ltr' id='par_1_7' title="bbox 123 2725 1531 2941">
     <span class='ocr_line' id='line_1_20' title="bbox 125 2725 1531 2837; baseline -0.006 -31"><span class='ocrx_word' id='word_1_117' title='bbox 125 2755 269 2837; x_wconf 69' lang='lat' dir='ltr'><strong>gte</strong></span> <span class='ocrx_word' id='word_1_118' title='bbox 289 2786 315 2823; x_wconf 92' lang='lat'><strong>,</strong></span> <span class='ocrx_word' id='word_1_119' title='bbox 360 2728 583 2803; x_wconf 87' lang='lat' dir='ltr'><strong>Anno</strong></span> <span class='ocrx_word' id='word_1_120' title='bbox 616 2727 917 2802; x_wconf 84' lang='lat' dir='ltr'><strong>Domini</strong></span> <span class='ocrx_word' id='word_1_121' title='bbox 954 2725 1531 2801; x_wconf 87' lang='lat' dir='ltr'><strong>MCDXXXVI.</strong></span> 
     </span>
     <span class='ocr_line' id='line_1_21' title="bbox 123 2848 1390 2941; baseline -0.003 -25"><span class='ocrx_word' id='word_1_122' title='bbox 123 2924 170 2936; x_wconf 92' lang='lat'><strong>-.</strong></span> <span class='ocrx_word' id='word_1_123' title='bbox 218 2854 399 2941; x_wconf 79' lang='lat' dir='ltr'><strong>Apud</strong></span> <span class='ocrx_word' id='word_1_124' title='bbox 428 2852 791 2939; x_wconf 83' lang='lat' dir='ltr'><strong>Dlugossnm</strong></span> <span class='ocrx_word' id='word_1_125' title='bbox 819 2858 887 2916; x_wconf 81' lang='lat' dir='ltr'><strong>L·</strong></span> <span class='ocrx_word' id='word_1_126' title='bbox 928 2857 1057 2914; x_wconf 84' lang='lat' dir='ltr'>XII.</span> <span class='ocrx_word' id='word_1_127' title='bbox 1092 2852 1207 2913; x_wconf 79' lang='lat' dir='ltr'><strong>col.</strong></span> <span class='ocrx_word' id='word_1_128' title='bbox 1241 2848 1390 2914; x_wconf 83' lang='lat'><strong>693.</strong></span> 
     </span>
    </p>
   </div>
   <div class='ocr_carea' id='block_1_8' title="bbox 121 3021 1465 3247">
    <p class='ocr_par' dir='ltr' id='par_1_8' title="bbox 121 3021 1465 3247">
     <span class='ocr_line' id='line_1_22' title="bbox 992 3021 1448 3099; baseline -0.009 0"><span class='ocrx_word' id='word_1_129' title='bbox 992 3021 1448 3099; x_wconf 87' lang='lat' dir='ltr'><strong>CCCLXXI.</strong></span> 
     </span>
     <span class='ocr_line' id='line_1_23' title="bbox 121 3158 1465 3247; baseline -0.013 -15"><span class='ocrx_word' id='word_1_130' title='bbox 121 3169 482 3247; x_wconf 68' lang='lat' dir='ltr'><strong>sigismundi</strong></span> <span class='ocrx_word' id='word_1_131' title='bbox 511 3169 664 3241; x_wconf 68' lang='lat' dir='ltr'><strong>regie</strong></span> <span class='ocrx_word' id='word_1_132' title='bbox 697 3182 1039 3239; x_wconf 60' lang='lat' dir='ltr'><strong>responsum·</strong></span> <span class='ocrx_word' id='word_1_133' title='bbox 1105 3165 1266 3217; x_wconf 80' lang='lat' dir='ltr'><strong>Anno</strong></span> <span class='ocrx_word' id='word_1_134' title='bbox 1304 3158 1465 3217; x_wconf 74' lang='lat'><strong>1436.</strong></span> 
     </span>
    </p>
   </div>
   <div class='ocr_carea' id='block_1_9' title="bbox 110 3300 2314 4157">
    <p class='ocr_par' dir='ltr' id='par_1_9' title="bbox 110 3300 2314 4157">
     <span class='ocr_line' id='line_1_24' title="bbox 323 3300 2310 3410; baseline -0.004 -26"><span class='ocrx_word' id='word_1_135' title='bbox 323 3308 487 3386; x_wconf 89' lang='lat' dir='ltr'><strong>Sibi</strong></span> <span class='ocrx_word' id='word_1_136' title='bbox 532 3303 832 3410; x_wconf 86' lang='lat' dir='ltr'><strong>quidem</strong></span> <span class='ocrx_word' id='word_1_137' title='bbox 863 3300 1075 3379; x_wconf 79' lang='lat' dir='ltr'><strong>cordi</strong></span> <span class='ocrx_word' id='word_1_138' title='bbox 1108 3320 1183 3377; x_wconf 89' lang='lat' dir='ltr'><strong>et</strong></span> <span class='ocrx_word' id='word_1_139' title='bbox 1212 3301 1584 3378; x_wconf 87' lang='lat' dir='ltr'><strong>desiderio</strong></span> <span class='ocrx_word' id='word_1_140' title='bbox 1619 3303 2082 3394; x_wconf 76' lang='lat' dir='ltr'><strong>affinitatem,</strong></span> <span class='ocrx_word' id='word_1_141' title='bbox 2138 3326 2310 3378; x_wconf 88' lang='lat' dir='ltr'><strong>eum</strong></span> 
     </span>
     <span class='ocr_line' id='line_1_25' title="bbox 115 3406 2311 3523; baseline -0.007 -23"><span class='ocrx_word' id='word_1_142' title='bbox 115 3445 307 3523; x_wconf 82' lang='lat' dir='ltr'><strong>rege</strong></span> <span class='ocrx_word' id='word_1_143' title='bbox 347 3414 697 3492; x_wconf 83' lang='lat' dir='ltr'><strong>Poloniae</strong></span> <span class='ocrx_word' id='word_1_144' title='bbox 754 3410 1221 3514; x_wconf 79' lang='lat' dir='ltr'><strong>iungendam,</strong></span> <span class='ocrx_word' id='word_1_145' title='bbox 1260 3434 1441 3484; x_wconf 84' lang='lat' dir='ltr'><strong>esse.</strong></span> <span class='ocrx_word' id='word_1_146' title='bbox 1513 3406 1669 3484; x_wconf 86' lang='lat' dir='ltr'><strong>Sed</strong></span> <span class='ocrx_word' id='word_1_147' title='bbox 1703 3409 1928 3484; x_wconf 86' lang='lat' dir='ltr'><strong>rebus</strong></span> <span class='ocrx_word' id='word_1_148' title='bbox 1969 3433 2046 3484; x_wconf 87' lang='lat' dir='ltr'><strong>et</strong></span> <span class='ocrx_word' id='word_1_149' title='bbox 2088 3433 2311 3511; x_wconf 85' lang='lat' dir='ltr'><strong>expe-</strong></span> 
     </span>
     <span class='ocr_line' id='line_1_26' title="bbox 114 3512 2313 3620; baseline -0.006 -15"><span class='ocrx_word' id='word_1_150' title='bbox 114 3517 531 3605; x_wconf 84' lang='lat' dir='ltr'><strong>ditionibus</strong></span> <span class='ocrx_word' id='word_1_151' title='bbox 562 3523 777 3597; x_wconf 83' lang='lat' dir='ltr'><strong>variis</strong></span> <span class='ocrx_word' id='word_1_152' title='bbox 816 3522 1024 3619; x_wconf 80' lang='lat' dir='ltr'><strong>regni</strong></span> <span class='ocrx_word' id='word_1_153' title='bbox 1065 3515 1460 3592; x_wconf 85' lang='lat' dir='ltr'><strong>Bobemiae</strong></span> <span class='ocrx_word' id='word_1_154' title='bbox 1484 3571 1506 3606; x_wconf 93' lang='lat'><strong>,</strong></span> <span class='ocrx_word' id='word_1_155' title='bbox 1563 3525 1891 3618; x_wconf 77' lang='lat' dir='ltr'><strong>quorum</strong></span> <span class='ocrx_word' id='word_1_156' title='bbox 1934 3512 2313 3620; x_wconf 80' lang='lat' dir='ltr'><strong>expeditio</strong></span> 
     </span>
     <span class='ocr_line' id='line_1_27' title="bbox 113 3622 2314 3735; baseline -0.007 -22"><span class='ocrx_word' id='word_1_157' title='bbox 113 3654 204 3714; x_wconf 88' lang='lat' dir='ltr'><strong>et</strong></span> <span class='ocrx_word' id='word_1_158' title='bbox 251 3634 578 3735; x_wconf 83' lang='lat' dir='ltr'><strong>regimen</strong></span> <span class='ocrx_word' id='word_1_159' title='bbox 646 3654 782 3732; x_wconf 85' lang='lat' dir='ltr'><strong>per</strong></span> <span class='ocrx_word' id='word_1_160' title='bbox 845 3624 1114 3699; x_wconf 86' lang='lat' dir='ltr'><strong>multos</strong></span> <span class='ocrx_word' id='word_1_161' title='bbox 1166 3648 1401 3701; x_wconf 80' lang='lat' dir='ltr'><strong>annos</strong></span> <span class='ocrx_word' id='word_1_162' title='bbox 1474 3622 1885 3699; x_wconf 74' lang='lat' dir='ltr'><strong>intermissa</strong></span> <span class='ocrx_word' id='word_1_163' title='bbox 1948 3640 2152 3716; x_wconf 87' lang='lat' dir='ltr'><strong>erat,</strong></span> <span class='ocrx_word' id='word_1_164' title='bbox 2222 3648 2314 3697; x_wconf 92' lang='lat' dir='ltr'><strong>eo</strong></span> 
     </span>
     <span class='ocr_line' id='line_1_28' title="bbox 110 3728 2312 3844; baseline -0.008 -24"><span class='ocrx_word' id='word_1_165' title='bbox 110 3747 491 3844; x_wconf 83' lang='lat' dir='ltr'><strong>occupato</strong></span> <span class='ocrx_word' id='word_1_166' title='bbox 521 3792 542 3829; x_wconf 90' lang='lat'>‚</span> <span class='ocrx_word' id='word_1_167' title='bbox 598 3761 751 3808; x_wconf 90' lang='lat' dir='ltr'><strong>non</strong></span> <span class='ocrx_word' id='word_1_168' title='bbox 789 3756 998 3835; x_wconf 86' lang='lat' dir='ltr'><strong>posse</strong></span> <span class='ocrx_word' id='word_1_169' title='bbox 1042 3733 1229 3804; x_wconf 86' lang='lat' dir='ltr'><strong>iuste</strong></span> <span class='ocrx_word' id='word_1_170' title='bbox 1272 3728 1704 3805; x_wconf 84' lang='lat' dir='ltr'><strong>tractatibus</strong></span> <span class='ocrx_word' id='word_1_171' title='bbox 1738 3756 1970 3832; x_wconf 84' lang='lat' dir='ltr'><strong>super</strong></span> <span class='ocrx_word' id='word_1_172' title='bbox 2003 3730 2312 3804; x_wconf 82' lang='lat' dir='ltr'><strong>affinita-</strong></span> 
     </span>
     <span class='ocr_line' id='line_1_29' title="bbox 112 3832 2313 3929; baseline -0.006 -4"><span class='ocrx_word' id='word_1_173' title='bbox 112 3869 200 3926; x_wconf 86' lang='lat' dir='ltr'><strong>te</strong></span> <span class='ocrx_word' id='word_1_174' title='bbox 240 3843 648 3922; x_wconf 80' lang='lat' dir='ltr'><strong>intendere.</strong></span> <span class='ocrx_word' id='word_1_175' title='bbox 741 3840 960 3914; x_wconf 89' lang='lat' dir='ltr'><strong>Proin</strong></span> <span class='ocrx_word' id='word_1_176' title='bbox 1008 3835 1330 3929; x_wconf 84' lang='lat' dir='ltr'><strong>hortari,</strong></span> <span class='ocrx_word' id='word_1_177' title='bbox 1385 3853 1467 3911; x_wconf 80' lang='lat' dir='ltr'><strong>vt</strong></span> <span class='ocrx_word' id='word_1_178' title='bbox 1524 3834 1873 3911; x_wconf 83' lang='lat' dir='ltr'><strong>Poloniae</strong></span> <span class='ocrx_word' id='word_1_179' title='bbox 1915 3839 2085 3912; x_wconf 82' lang='lat' dir='ltr'><strong>Rex</strong></span> <span class='ocrx_word' id='word_1_180' title='bbox 2123 3832 2313 3912; x_wconf 85' lang='lat' dir='ltr'><strong>alios</strong></span> 
     </span>
     <span class='ocr_line' id='line_1_30' title="bbox 115 3941 2313 4047; baseline -0.008 -15"><span class='ocrx_word' id='word_1_181' title='bbox 115 3952 692 4032; x_wconf 73' lang='lat' dir='ltr'><strong>ambassiatores</strong></span> <span class='ocrx_word' id='word_1_182' title='bbox 728 3942 818 4020; x_wconf 89' lang='lat' dir='ltr'><strong>ad</strong></span> <span class='ocrx_word' id='word_1_183' title='bbox 848 3946 1087 4047; x_wconf 81' lang='lat' dir='ltr'><strong>ipsum</strong></span> <span class='ocrx_word' id='word_1_184' title='bbox 1109 3996 1131 4033; x_wconf 94' lang='lat'>‚</span> <span class='ocrx_word' id='word_1_185' title='bbox 1187 3960 1584 4047; x_wconf 85' lang='lat' dir='ltr'><strong>postquam</strong></span> <span class='ocrx_word' id='word_1_186' title='bbox 1628 3941 1833 4019; x_wconf 85' lang='lat' dir='ltr'><strong>illum</strong></span> <span class='ocrx_word' id='word_1_187' title='bbox 1867 3942 2181 4019; x_wconf 87' lang='lat' dir='ltr'><strong>senserit</strong></span> <span class='ocrx_word' id='word_1_188' title='bbox 2217 3966 2313 4016; x_wconf 80' lang='lat' dir='ltr'><strong>ex</strong></span> 
     </span>
     <span class='ocr_line' id='line_1_31' title="bbox 120 4049 2312 4157; baseline -0.008 -19"><span class='ocrx_word' id='word_1_189' title='bbox 120 4061 487 4139; x_wconf 85' lang='lat' dir='ltr'><strong>Bobemia</strong></span> <span class='ocrx_word' id='word_1_190' title='bbox 526 4059 601 4131; x_wconf 90' lang='lat' dir='ltr'><strong>in</strong></span> <span class='ocrx_word' id='word_1_191' title='bbox 623 4053 1022 4157; x_wconf 83' lang='lat' dir='ltr'><strong>Vngariam</strong></span> <span class='ocrx_word' id='word_1_192' title='bbox 1062 4050 1177 4123; x_wconf 86' lang='lat' dir='ltr'><strong>vel</strong></span> <span class='ocrx_word' id='word_1_193' title='bbox 1213 4049 1584 4124; x_wconf 84' lang='lat' dir='ltr'><strong>Austriam</strong></span> <span class='ocrx_word' id='word_1_194' title='bbox 1621 4075 2031 4146; x_wconf 85' lang='lat' dir='ltr'><strong>reuersum,</strong></span> <span class='ocrx_word' id='word_1_195' title='bbox 2068 4067 2312 4126; x_wconf 83' lang='lat' dir='ltr'><strong>trans-</strong></span> 
     </span>
    </p>
   </div>
   <div class='ocr_carea' id='block_1_10' title="bbox 115 4154 2311 4261">
    <p class='ocr_par' dir='ltr' id='par_1_10' title="bbox 115 4154 2311 4261">
     <span class='ocr_line' id='line_1_32' title="bbox 115 4154 2311 4261; baseline -0.01 -10"><span class='ocrx_word' id='word_1_196' title='bbox 115 4172 427 4250; x_wconf 83' lang='lat' dir='ltr'><strong>mittere</strong></span> <span class='ocrx_word' id='word_1_197' title='bbox 477 4190 626 4239; x_wconf 90' lang='lat' dir='ltr'><strong>non</strong></span> <span class='ocrx_word' id='word_1_198' title='bbox 677 4157 1036 4242; x_wconf 83' lang='lat' dir='ltr'><strong>fastidiat.</strong></span> <span class='ocrx_word' id='word_1_199' title='bbox 1095 4155 1538 4261; x_wconf 83' lang='lat' dir='ltr'><strong>promittens</strong></span> <span class='ocrx_word' id='word_1_200' title='bbox 1588 4171 1664 4230; x_wconf 92' lang='lat' dir='ltr'><strong>et</strong></span> <span class='ocrx_word' id='word_1_201' title='bbox 1704 4154 2063 4260; x_wconf 81' lang='lat' dir='ltr'><strong>pollicens</strong></span> <span class='ocrx_word' id='word_1_202' title='bbox 2108 4156 2311 4261; x_wconf 86' lang='lat' dir='ltr'><strong>peti-</strong></span> 
     </span>
    </p>
   </div>
  </div>
 </body>
</html>
