2926 4849
2011 486 2163 555 887

152 685 459 766 edietum
505 711 704 764 cum
733 683 1038 789 singulis
1093 684 1457 765 vniuersis
1515 712 1771 766 earum
1829 691 2265 770 Vtilitatibus

150 794 408 871 ›acifice
437 810 540 869 et
551 796 803 898 quiete
824 795 1206 871 remittere
1246 793 1558 871 deberet
1585 810 1675 871 et
1690 813 2092 875 teneretur.
2124 803 2271 879 cni

148 900 409 1003 [uidem
438 902 831 1004 praemisse
873 901 1439 1006 possessionarie
1499 902 2101 1006 impignorationi
2148 908 2282 993 ei-
2356 958 2363 965 »

146 1034 271 1082 ιοιιι
293 1007 621 1084 Hem-ico
654 1005 898 1084 fiendo
931 1007 1261 1111 prefatus
1281 1004 1708 1103 Mauricius,
1746 1026 1851 1085 vt
1874 1014 2274 1114 praemitti.

144 1142 270 1208 ur,
324 1139 577 1192 coram
612 1112 829 1192 nobis
876 1115 1370 1218 personaliter
1406 1113 1718 1191 astando
1777 1134 1994 1195 suum
2053 1119 2275 1199 beni-
2334 1138 2339 1143 ·

140 1220 360 1297 nolum
387 1246 837 1298 consensum
872 1220 1173 1324 prebuit
1213 1236 1290 1297 et
1321 1246 1709 1301 assensum
1735 1246 1993 1305 coram
2048 1225 2271 1304 nobis

138 1328 522 1405 estimonio
548 1328 1057 1427 praesencium
1086 1326 1480 1403 mediante.
1515 1327 1731 1404 Ferit
1746 1329 2071 1407 secunda
2104 1359 2274 1436 pro-

136 1434 320 1509 ima
333 1450 504 1510 ante
540 1434 809 1509 festum
844 1434 1050 1512 Beati
1091 1435 1424 1538 Georgy
1440 1433 1837 1535 Martyris,
1886 1466 2086 1516 anno
2132 1438 2269 1516 do·-
2332 1472 2339 1477 ’

134 1540 278 1616 nini
314 1537 937 1618 MCDXXXVII.
943 1541 991 1581 “
1027 1538 1220 1618 L.S
1233 1541 1615 1620 literarum
1638 1538 1927 1679 dorso
1901 1548 2262 1650 impressi.

181 1672 232 1733 Β
260 1668 615 1733 membrana
644 1666 974 1755 originali.

124 1982 407 2054 &epham
443 1985 649 2039 senior
686 1983 759 2039 de
798 1985 1075 2058 Bagou,
1117 1989 1345 2053 Οοηιοε,
1382 1984 1795 2055 peccudum
1835 1982 2084 2059 Thya-de
2117 1982 2269 2043 Con·
2306 1999 2311 2005 ’

280 2076 479 2129 uentus·
509 2078 649 2128 Orac
653 2075 915 2145 {sit-onan
950 2075 1015 2129 de
1048 2073 1194 2129 Alba
1221 2087 1359 2129 nm
1350 2074 1493 2129 'euin
1540 2074 1607 2128 A·
1650 2075 1813 2138 14³7.
2302 2098 2307 2104 ¹

280 2185 708 2290 Capitulum
740 2189 1108 2264 Ecclesiae
1137 2185 1512 2264 Albensis·
1601 2185 1967 2264 Omnibus
2005 2187 2140 2263 Xti
2179 2158 2267 2264 fi-

117 2288 376 2368 lelibus
406 2310 553 2368 tam
584 2293 1099 2399 praesentibus
1146 2321 1371 2420 quam
1406 2293 1715 2387 futuris,
1769 2297 2265 2399 praesentium
2310 2322 2315 2327 ’

116 2400 421 2475 notitiam
479 2399 870 2495 habituris,
944 2402 1255 2478 salutem
1324 2403 1401 2474 in
1461 2403 1796 2478 omnium
1849 2399 2259 2479 Saiuatore.

116 2501 203 2580 &d
237 2507 754 2588 vniuersorum
794 2508 1131 2584 notitiam
1179 2506 1435 2582 harum
1468 2509 1661 2584 serie
1704 2509 2046 2585 volumus
2089 2533 2261 2609 pet·-

115 2612 381 2689 oenire:
438 2615 644 2716 quod
686 2613 1132 2716 Magnificus
1156 2613 1575 2719 Stephanus
1630 2619 1880 2698 senior
1915 2614 2009 2689 de
2047 2616 2256 2689 Roz-

116 2747 273 2816 gon,
324 2721 735 2798 Temesien.
786 2721 1059 2796 Alben.
1104 2738 1181 2796 et
1210 2721 1535 2797 Jaurien.
1578 2721 2077 2799 comitatuum
2116 2719 2265 2796 Co-

116 2853 275 2919 nes,
332 2828 569 2903 onera
617 2845 694 2903 et
720 2828 1151 2930 grauamina
1198 2825 1632 2928 Magnificae
1677 2830 2035 2905 Dominae
2075 2828 2259 2901 Cae·

123 2935 285 3009 iliae
332 2937 740 3028 consortis,
795 2951 873 3010 et
902 2933 1254 3008 Johannis
1286 2931 1419 3032 fily
1463 2959 1810 3026 suorum,
1865 2928 2168 3038 quoad
2148 2959 2254 3006 m-

116 3041 463 3144 rascripta
494 3037 960 3120 obseruanda
993 3063 1219 3164 super
1253 3063 1333 3118 se
1363 3038 1847 3133 assumendo,
1909 3063 2256 3143 persona·

116 3164 245 3225 tter
277 3171 537 3222 coram
573 3146 794 3224 nobis
834 3150 1318 3240 constitutus,
1372 3163 1635 3272 sponte
1691 3144 2075 3224 confessus
2106 3166 2253 3219 ex·-

116 3251 221 3330 itit
253 3255 340 3328 in
393 3251 592 3332 huno
637 3254 981 3332 modum.
1037 3253 1263 3342 Quod
1300 3257 1478 3356 quia
1524 3255 1729 3355 ipse
1722 3279 1837 3329 ex
1879 3249 2255 3330 nonnullis

116 3363 302 3438 teris
331 3378 408 3437 et
442 3360 852 3440 literalibus
884 3361 1387 3437 instrumentis
1421 3358 1878 3438 honorabilis
1917 3361 2253 3442 conuen-

116 3495 186 3545 us
223 3465 788 3545 cruciferorum
831 3467 1201 3545 Ecclesiae
1239 3465 1448 3545 Beati
1504 3468 1698 3572 regis
1745 3463 2108 3570 Stephani
2153 3462 2252 3540 de

116 3575 267 3651 tlba
288 3630 310 3669 ,
366 3574 565 3651 clare
601 3578 1105 3678 cognouisset,
1158 3573 1360 3674 quod
1398 3579 1755 3680 possessio
1791 3575 2075 3676 Tymar
2106 3595 2252 3647 vo-

116 3700 277 3778 ata,
332 3685 412 3756 in
451 3682 820 3758 Comitatu
848 3681 1153 3758 Albensi
1195 3680 1482 3775 habita,
1523 3697 1602 3759 et
1629 3684 1992 3775 existens,
2028 3703 2255 3781 quam

120 3809 424 3867 actenus
462 3791 822 3866 tenuisset
857 3805 936 3866 et
974 3788 1462 3890 possedisset,
1520 3803 1965 3893 praetactum
2007 3782 2251 3860 eccle·
2326 3801 2333 3808 “

116 3898 253 3973 iam
292 3895 543 3970 Sancti
578 3900 769 3998 regis
789 3893 1188 4000 Stephani,
1231 3913 1307 3970 et
1342 3920 1501 3999 per
1513 3919 1978 3999 consequens
2005 3892 2250 3994 ipsum

116 4006 547 4080 'onuentum
594 4000 1151 4079 cruciferorum
1209 4001 1434 4106 pleno
1501 4004 1664 4080 iure
1717 4011 2248 4090 concerneret3

116 4110 249 4187 deo
305 4113 461 4214 ipse
514 4137 686 4186 suae
741 4125 820 4185 et
865 4111 1431 4215 progenitorum
1482 4134 1790 4187 suorum
1841 4105 2251 4181 animarum

116 4217 177 4294 b
212 4217 525 4297 salutem
565 4233 644 4296 et
687 4216 1159 4374 refrigerium
1190 4213 1617 4297 earumdem
1633 4271 1659 4316 ,
1705 4213 2248 4323 possessionem
