2926 4849
676 462 831 537 114

553 673 912 779 „personis
948 669 1217 747 nobilis
1257 670 1621 745 Dominae
1652 671 1954 747 relictae
1995 691 2072 758 et
2108 673 2438 770 Alberti‚
2492 672 2762 750 Ladis·

567 782 664 855 lai
705 778 1032 853 filiorum
1091 775 1399 878 Georgii
1453 776 1547 852 de
1611 778 2012 870 Wolthan,
2070 782 2380 866 Micba'el
2436 808 2621 856 vero
2668 781 2812 855 de·

571 889 850 975 were,
906 888 980 957 in
1017 908 1329 987 persona
1366 883 1728 958 Johannis
1786 886 1965 964 dicti
2003 887 2285 989 Payor‚
2341 890 2527 965 ciuis
2580 888 2763 963 ciui-

570 995 735 1069 tatis
775 1009 1067 1066 nostrae
1112 988 1501 1081 Albensis,
1562 994 1735 1094 ipsis
1783 989 2348 1097 recaptiuationi
2408 1015 2493 1071 et.
2530 1013 2759 1071 statu-

567 1100 749 1176 tioni
797 1096 1036 1172 dictae
1086 1099 1561 1199 possessionis
1624 1093 1848 1194 Dios,
1905 1101 2507 1178 contradictionis
2559 1101 2758 1177 vela-

563 1209 762 1281 mine
804 1201 1248 1280 obuiassent.
1306 1206 1558 1293 Quare
1587 1205 1782 1280 idem
1823 1203 2080 1282 Frater
2108 1208 2553 1284 Benedictus
2595 1208 2759 1282 Cu-

558 1331 710 1390 stos
751 1313 1114 1387 rationem
1148 1315 1591 1413 praemissae
1648 1311 2251 1390 contradictionis
2280 1371 2303 1411 ,
2360 1313 2752 1390 inhibitio-

559 1422 671 1495 nis
693 1412 1048 1522 assignari*
1063 1418 1274 1522 petiit
1293 1439 1430 1520 per
1450 1415 1533 1491 In
1560 1444 1849 1492 causam
1885 1437 2230 1496 attractos
2252 1409 2753 1526 praenotatos.

558 1518 732 1616 Quo
774 1542 1176 1631 praecepto
1226 1526 1551 1600 annotati
1609 1522 2047 1602 Valentinus
2101 1544 2179 1602 et
2232 1526 2550 1604 Michael
2606 1555 2751 1631 pro

557 1633 733 1738 ipsis
777 1638 850 1708 in
888 1657 1179 1705 causam
1212 1633 1542 1706 attractis
1581 1658 1751 1706 cum
1789 1637 2324 1737 procuratoriis
2364 1637 2592 1712 literis
2616 1632 2749 1710 Ca·

554 1739 770 1844 pituli
803 1735 1173 1814 Ecclesiae
1188 1734 1535 1812 Albensis
1572 1738 2034 1841 exsurgendo
2065 1743 2616 1846 responderunt
2650 1759 2749 1816 ex

556 1846 904 1923 aduerso:
967 1842 1194 1933 Quod
1238 1846 1375 1950 ipsi
1411 1847 1485 1917 in
1534 1847 1867 1951 personis
1920 1845 2292 1924 dictorum
2340 1849 2745 1941 Dominae,

551 1953 841 2029 Alberti
876 1949 1308 2027 etLadislai
1336 2008 1356 2045 ‚
1413 1975 1517 2026 ac·
1560 1954 1806 2055 Payor
1856 1980 1999 2058 pro
2041 1981 2133 2038 eo
2168 1953 2515 2031 fecissent
2553 1981 2742 2060 pro-

555 2061 992 2137 hibitionem
1022 2077 1551 2161 praenotatam,
1581 2062 1753 2164 quia
1794 2062 1947 2238 itpsa
1977 2063 2341 2165 possessio
2380 2088 2510 2138 seu
2533 2088 2746 2166 prae<

547 2168 750 2245 dium
772 2165 956 2241 Dios
981 2171 1237 2267 vigore
1264 2169 1718 2241 instrument.
1756 2195 1795 2240 a
1854 2172 2046 2272 ipsos
2078 2163 2511 2273 pertineret,
2546 2193 2745 2273 quae

542 2299 694 2353 non
739 2272 871 2348 ad·
929 2297 1260 2362 raesens,
1316 2271 1444 2346 sed
1494 2275 1566 2347 in
1614 2274 1943 2347 termino
1988 2276 2367 2370 vlteriori,
2424 2302 2560 2381 per
2606 2299 2745 2351 nos

548 2389 648 2461 eis
713 2302 1009 2476 clantio,
1065 2375 1420 2455 exhibere
1478 2379 1809 2485 prompti
1858 2391 2108 2457 'essent
2163 2399 2241 2459 et
2316 2387 2589 2487 parati3
2664 2400 2746 2462 et

550 2491 888 2595 quamuis
930 2505 1375 2593 procurator
1420 2486 1652 2591 ipsius
1690 2486 2042 2563 Johannis
2089 2489 2336 2592 Payor
2385 2514 2555 2566 cum
2589 2493 2747 2568 suis

546 2594 951 2673 literalibus
990 2597 1501 2670 instrumentis
1541 2613 1875 2698 promtus
1917 2590 2208 2697 fuerat3
2266 2615 2510 2674 tamen
2565 2602 2748 2698 quia

551 2720 997 2812 procurator
1029 2718 1610 2777 memoratorum
1651 2698 1963 2777 Ladislai
2019 2719 2095 2787 et
2128 2705 2424 2781 Alberti
2462 2723 2539 2781 et
2576 2706 2745 2783 Do·

549 2813 791 2888 minae
857 2813 1320 2914 ¹praescripta
1387 2810 1917 2904 instrumenta,
1997 2837 2138 2887 nec
2195 2812 2270 2888 in
2327 2817 2743 2917 praesenti',

531 2914 804 3021 'neque
856 2918 930 2992 in
992 2915 1479 2991 Comitatibus
1542 2912 2016 3019 Simighiensi
2077 2936 2149 2993 et
2205 2918 2747 3023 Vespritniensi

555 3023 1251 3129 congregationibus
1305 3050 1443 3127 per
1501 3049 1637 3098 nos
1689 3026 1760 3097 iu
1816 3025 2163 3127 proximo
2220 3026 2745 3122 celebrandis,

553 3132 902 3210 exhibere
940 3156 1155 3233 posse
1199 3148 1274 3205 et
1312 3129 1558 3205 valere
1603 3131 2001 3226 recitabat,
2059 3131 2186 3206 sed
2230 3131 2321 3206 ad
2360 3132 2753 3209 exhibitio-

552 3267 723 3317 nem
781 3236 1213 3314 eorumdem
1279 3262 1414 3340 per
1456 3262 1593 3312 nos
1640 3241 2039 3313 terminum
2103 3238 2530 3316 vlteriorem
2579 3240 2746 3317 dari

551 3345 891 3453 petebat3
936 3369 1073 3445 pro
1115 3369 1209 3418 eo
1245 3342 1355 3418 his
1384 3342 1651 3418 auditis
1678 3359 1756 3418 et.
1791 3345 2163 3451 perceptis
2197 3347 2509 3423 iudicari
2546 3374 2747 3422 com-

552 3454 880 3531 misimus
937 3475 1028 3524 eo
1085 3449 1356 3525 modo:
1421 3468 1499 3525 vt
1550 3469 1999 3528 memoratus
2060 3451 2432 3530 Johannes
2489 3456 2743 3555 Payor

552 3564 710 3640 sine
745 3580 974 3634 onere
999 3613 1021 3647 ‚
1070 3559 1395 3631 annotati
1431 3582 1612 3634 vero
1644 3557 1708 3631 al
1713 3587 1767 3660 y
1806 3558 1879 3632 in
1916 3584 2210 3636 causam
2243 3561 2576 3654 attracti,
2619 3561 2745 3639 vel

557 3692 819 3743 eorum
872 3663 1173 3767 legitimi
1230 3684 1757 3766 procuratores
1786 3723 1807 3755 ,
1887 3668 2222 3743 vniuersa
2299 3692 2559 3744 eorum
2612 3670 2745 3744 in-

552 3787 995 3854 strumenta,
1051 3772 1110 3844 si
1152 3797 1344 3875 quae
1389 3796 1616 3874 super
1660 3771 1853 3847 dicta
1897 3778 2356 3878 possessione
2398 3776 2580 3850 Dios
2616 3774 2747 3849 ha-

550 3881 730 3956 bent
776 3876 1154 3972 confecta,
1213 3878 1285 3950 in
1330 3880 1614 3955 octauis
1676 3877 1838 3955 festi
1892 3882 2103 3955 Beati
2156 3881 2538 3957 Michaelis
2585 3882 2743 3956 Ar·

545 3983 874 4087 changeli
923 4008 1121 4059 nunc
1169 3984 1508 4079 venturi,
1564 4003 1824 4063 contra
1870 3986 2358 4091 praelibatum
2397 3990 2745 4065 Conuen-

544 4111 699 4169 tum
735 4116 906 4167 cum
944 4088 1221 4165 iudicio
1264 4095 1485 4167 trium
1527 4118 1940 4171 marcarum
1988 4118 2235 4170 coram
2278 4115 2528 4171 nostra
2569 4124 2739 4199 per-

541 4200 776 4279 sonali
835 4199 1296 4303 praesentia,
1356 4200 1428 4272 in
1492 4198 1713 4275 Curia
1763 4218 2013 4277 nostra
2072 4207 2271 4305 regia
2301 4261 2322 4297 ‚
2375 4201 2736 4280 exhibere
