2926 4849
590 542 604 560 ,
699 468 847 539 892

580 675 945 774 fiendum,
995 690 1255 756 nostro
1315 701 1460 781 pro
1527 674 1945 754 testimonio
2000 672 2597 752 destinassemus
2650 671 2774 749 fide

583 784 934 887 dignum;
989 785 1128 887 qui
1182 782 1486 865 tandem
1519 782 1792 861 exinde
1828 781 1922 858 ad
1974 807 2111 856 nos
2151 782 2512 874 rediens,
2570 780 2775 858 nobis

585 890 842 968 retulit
871 892 1019 967 isto
1057 889 1325 968 modo:
1380 888 1589 995 quod
1625 891 1786 995 ipse
1832 913 1975 994 per
2013 885 2568 991 adductionem!
2611 917 2773 993 par·

585 1000 770 1072 tium
808 997 1473 1103 praescriptarum,
1525 997 1649 1074 die
1677 995 2049 1076 dominica
2076 997 2428 1098 proxima
2472 1014 2655 1101 post
2682 992 2774 1069 fe·

584 1117 781 1179 stum
845 1102 1386 1181 Purificationis
1447 1104 1662 1180 beate
1705 1104 1940 1180 Marie
2000 1101 2773 1208 Virginisssproxime

582 1214 1113 1307 praeteritum,
1145 1208 1260 1285 ad
1307 1211 1764 1316 praedictum
1824 1208 2183 1313 oppidum
2232 1228 2602 1287 nostrum
2646 1211 2774 1285 Le·

582 1313 702 1391 lez
756 1320 1217 1404 accessisset,
1293 1318 1416 1389 vbi
1476 1344 1567 1392 eo
1631 1336 2011 1407 praesente
2077 1315 2344 1414 prefati
2407 1315 2774 1391 Johaunee

583 1421 823 1527 Kyral
860 1443 935 1504 et
963 1424 1394 1502 Dominicus
1425 1422 1522 1501 de
1559 1421 1763 1522 Chap
1806 1419 2293 1527 personaliter
2325 1449 2489 1526 pro
2531 1451 2657 1515 se,
2697 1449 2767 1497 ac

584 1533 612 1607 i
666 1558 747 1609 se
772 1532 1203 1611 Dominicus
1238 1557 1378 1637 pro
1408 1528 1679 1608 eodem
1715 1529 1942 1608 Paulo
1981 1528 2195 1605 Patre
2230 1554 2378 1604 suo
2411 1557 2601 1604 cum
2644 1531 2774 1605 sut-

644 1639 1003 1715 cientibus
1075 1640 1308 1717 literis
1375 1639 1913 1742 procuratoriis
1971 1634 2163 1713 inibi
2216 1637 2778 1740 compat-endo.

585 1745 965 1853 predictos
1010 1763 1182 1823 octo
1224 1746 1506 1852 probos
1550 1763 1628 1821 et
1679 1742 1967 1819 nobiles
2022 1744 2270 1835 viros,
2327 1769 2479 1844 pro
2542 1742 2779 1819 fiendo

585 1853 793 1929 dicto
819 1853 1129 1929 arbitrio
1159 1852 1565 1930 consedere
1605 1850 1968 1928 fecissent.
2055 1850 2204 1939 Qui
2234 1848 2566 1950 quidem
2608 1849 2781 1926 arbi-

585 1972 903 2039 tratores
935 1961 1303 2066 partium,
1355 1958 1622 2037 auditis
1657 1984 1916 2039 earum
1956 1955 2280 2062 partium
2324 1960 2778 2061 propositio-

587 2064 814 2143 nibus
869 2085 948 2143 et
985 2066 1552 2170 ⁴allegationibus
1610 2060 1686 2142 e't
1731 2060 2272 2141 obiectionibus
2330 2081 2774 2165 contrat-ys,

592 2173 773 2278 quia
807 2174 1048 2277 ipsum
1091 2174 1477 2251 arbitrium
1510 2166 1801 2249 sactum
1845 2172 2118 2248 iurium
2154 2170 2777 2275 possessionario-

589 2306 759 2355 rum
800 2298 878 2356 et
932 2279 1112 2359 alios
1145 2299 1348 2373 aetus
1384 2279 1866 2385 potentiarios
1907 2277 2308 2381 tetigisset,
2362 2293 2630 2378 partes
2664 2277 2773 2351 in-

590 2403 710 2463 ter
768 2384 1062 2465 easdem
1120 2384 1511 2469 commode
1568 2386 1929 2465 arbitrare
1977 2411 2128 2461 non
2174 2383 2561 2478 valentes3
2619 2382 2773 2460 ideo
2864 2467 2866 2486 Ι

592 2489 888 2570 easdem
929 2513 1171 2600 partes
1210 2497 1301 2572 ad
1348 2514 1642 2573 octauas
1690 2490 1860 2571 festi
1897 2493 2096 2569 beati
2143 2491 2478 2594 Georgy'
2502 2492 2774 2593 Marty-
2864 2511 2866 2540 ¹

590 2602 692 2673 ris
734 2599 964 2677 modo
1008 2619 1354 2696 venturas
1390 2607 1468 2677 in
1520 2604 1973 2703 presenciam
2020 2599 2067 2672 J
2071 2597 2300 2675 udicis
2335 2623 2611 2675 earum
2651 2627 2771 2675 or·
2864 2593 2866 2664 ζ

592 2703 856 2780 dinarii
895 2731 989 2781 eo
1032 2706 1261 2784 modo
1297 2707 1780 2802 remisissent,
1799 2720 1883 2784 vt
1915 2702 2175 2782 eedem
2216 2722 2468 2808 partes
2504 2705 2769 2781 factum
2864 2701 2866 2714 '

593 2811 771 2888 dicti
823 2812 1108 2915 arbitry
1150 2841 1300 2891 non
1360 2814 1789 2920 regalibus,
1839 2840 1981 2889 nec
2040 2810 2502 2915 reginalibus
2554 2810 2772 2886 literis

592 2936 719 2996 aut
758 2922 1044 2996 ratione
1088 2923 1503 3014 exercitus,
1555 2945 1711 2996 non
1762 2919 2126 3025 aliquibus
2192 2916 2510 2993 cautelis
2561 2917 2774 2993 adin-

495 3111 500 3118 *
593 3026 875 3112 uentis,
951 3053 1082 3103 seu
1155 3026 1752 3122 adiuueniendis‚
1857 3026 2001 3103 sub
2073 3023 2636 3129 grauaminibus
2703 3026 2771 3098 in

593 3130 824 3209 literis
860 3134 1367 3236 palatinalibus
1421 3132 2020 3212 arbitrionalibus
2069 3133 2586 3237 praescriptis,
2642 3157 2771 3204 va-

592 3237 793 3315 leant
828 3264 1240 3344 prorogare
1275 3260 1351 3319 et
1382 3242 1726 3335 differre,
1775 3239 1905 3319 sed
1938 3244 2015 3317 in
2040 3237 2323 3316 eisdem
2365 3240 2653 3314 octauis
2697 3234 2769 3310 fi·

592 3346 839 3424 nalem
898 3350 1443 3427 conclusionem
1496 3351 1849 3456 recipere*
1891 3364 1967 3425 et
2011 3346 2288 3422 habere
2350 3361 2759 3421 teneantur.

594 3452 870 3529 Datum
902 3453 1086 3531 feria
1138 3456 1459 3533 secunda
1513 3474 1683 3561 post
1731 3453 2155 3559 predictum
2199 3451 2477 3528 festum
2516 3446 2751 3526 Purifi-

593 3559 904 3649 cationis
937 3562 1167 3640 Beate
1204 3564 1435 3662 Marie
1478 3565 1823 3669 Virginis.
1895 3564 2121 3639 Anno
2178 3558 2485 3636 Domini
2515 3555 2741 3636 Mine-

590 3669 778 3745 simo
829 3668 1551 3775 quadringentesimo
1604 3670 1978 3749 tricesimo
2024 3667 2418 3772 septimo.“

407 3907 430 3936 Ι
541 3829 560 3840 “
677 3823 767 3882 Ex
795 3818 1052 3884 archiuo
1089 3807 1278 3886 lllu'st.
1317 3823 1577 3889 familiae
1621 3828 1931 3887 Bai-onum
1969 3820 2195 3888 vemet-
