2926 4849
800 466 953 535 814

690 678 900 751 nitati
921 668 1272 775 significo
1301 697 1440 777 per
1471 668 1896 779 praesentes
1916 733 1936 771 ,
1995 673 2210 779 quod
2239 678 2588 783 religiosus
2621 678 2738 755 Dea

693 806 843 887 que
887 777 1346 856 deuotusFr.
1383 781 1704 858 Jacobus
1743 783 1838 859 de
1876 782 2238 879 Marchia‚
2295 786 2553 861 ordinis
2587 782 2735 861 Mine

679 893 855 965 rum
893 888 1224 962 Vicarius
1271 885 1600 982 Bosnae,
1657 907 1795 965 etc.
1834 888 1954 964 hic
2004 890 2082 963 in
2122 917 2356 994 regno
2395 893 2734 994 [hungariam

690 998 767 1070 iu
807 991 1304 1098 praedicando
1353 993 1661 1070 'verbum
1713 996 1891 1088 Dei,
1945 1014 2021 1071 et
2064 994 2285 1073 fidem
2327 996 2733 1085 orthodoxam,

686 1127 980 1179 errores
1018 1101 1419 1193 maximos,
1474 1102 1603 1204 qui
1641 1101 1758 1177 hic
1793 1105 1869 1176 in
1907 1102 2156 1179 multis
2191 1119 2267 1179 et
2318 1105 2591 1180 diuersis
2626 1101 2733 1178 locis

685 1235 774 1283 ac
819 1208 1038 1283 variis
1097 1207 1515 1283 hominibus
1559 1235 1603 1281 a
1646 1210 1765 1282 via
1814 1211 2226 1299 reuocatis,
2286 1229 2361 1286 et
2401 1212 2728 1287 Hussitamm

687 1332 962 1391 sectam
1003 1314 1469 1407 tenentibus,
1526 1308 2018 1416 pullulabant,
2068 1318 2218 1392 suis
2258 1319 2605 1403 maximis,
2639 1313 2728 1386 dili-

690 1423 1278 1522 gentissimisque
1309 1437 1386 1494 et
1424 1422 1799 1516 sudorosis
1840 1419 2220 1497 laboribus
2259 1423 2719 1527 reprobauit‚et

688 1530 880 1602 circa
903 1528 1469 1601 conuersionem
1494 1527 1926 1602 eorumdem
1942 1527 2501 1619 haereticorum,
2527 1528 2724 1603 eteniam

687 1632 1092 1708 multorum
1136 1629 1826 1726 schismaticorum,
1879 1631 1972 1707 ad
2011 1633 2228 1707 fidem
2272 1634 2727 1710 catholicamre·

507 1734 510 1741 ’
549 1835 558 1845 .
686 1738 1123 1834 ductorum,
1178 1756 1528 1840 tanquam
1573 1739 1771 1843 pugil
1813 1738 2077 1814 Christi
2114 1755 2492 1832 strenuus,
2542 1763 2727 1814 accun-

687 1862 835 1920 tam
879 1873 1082 1920 suam
1125 1846 1467 1947 apposuit
1501 1850 1668 1933 totis
1710 1845 1994 1921 viribus
2040 1845 2520 1948 diligentiam,
2566 1841 2731 1919 multos

687 1953 1235 2041 conuertendo‚
1312 1950 1907 2045 etreducendo,
1962 1956 2065 2027 sic
2122 1954 2374 2056 quod,
2438 1943 2721 2030 huiusmodi

581 2116 588 2122 .
681 2061 832 2132 suis
877 2057 1365 2132 laudabilibus
1409 2073 1486 2130 et
1528 2055 1919 2151 fructuosis
1957 2075 2030 2132 et
2063 2060 2448 2137 salutiferis
2493 2056 2721 2163 operibus

681 2164 1147 2268 exigentibus
1170 2219 1190 2256 ,
1247 2167 1486 2266 ipsum
1521 2164 1637 2238 Fr.
1684 2164 2045 2239 Jacobum
2069 2218 2089 2257 ,
2127 2183 2469 2268 tanquam
2501 2168 2723 2241 beneme-

682 2274 906 2346 ritum
940 2290 1015 2346 et
1060 2270 1275 2345 laude
1309 2269 1647 2373 dignum,
1705 2271 1798 2345 de
1851 2270 2270 2347 huiusmodi
2324 2274 2433 2348 sui
2480 2274 2626 2349 bene
2646 2290 2722 2370 g&

683 2379 806 2453 stis
844 2377 1333 2453 laudabilibus
1389 2392 1463 2451 et
1515 2377 1885 2453 sudorosis
1947 2375 2328 2456 laboribus
2387 2381 2512 2483 ipsi
2547 2392 2721 2452 vestm

684 2481 1109 2577 Sanctitati,
1169 2501 1530 2583 quantum
1578 2484 1786 2558 valeo
1814 2540 1834 2578 ‚
1889 2487 2268 2561 sinceriter
2304 2477 2718 2563 recommend⁰2

682 2616 906 2688 quam
951 2592 1360 2664 Altissimus
1405 2615 1547 2689 pro
1596 2591 1988 2693 tranquilla
2027 2618 2211 2695 pace
2265 2609 2342 2668 et
2396 2585 2717 2667 subsistentia

680 2695 1047 2769 Ecclesiae
1108 2694 1531 2770 vniuersalis
1571 2719 1742 2772 suae
1783 2716 2113 2785 sanctae,
2187 2717 2265 2774 et
2326 2701 2524 2775 totius
2568 2686 2718 2798 populi

681 2797 1071 2877 Christiani
1102 2801 1452 2905 dignetur
1486 2797 1880 2879 salubriter
1926 2822 2001 2882 et
2043 2803 2136 2877 ad
2174 2822 2494 2909 tempora
2534 2802 2719 2875 diutur·

683 2935 774 2981 na
815 2905 1227 2983 felicissime
1267 2931 1736 2985 conseruare.
1811 2909 2196 3015 Scriptum
2258 2909 2578 3014 Strigonii
2617 2899 2721 2974 ferit

678 3013 807 3088 VI.
844 3032 1010 3088 ante
1058 3014 1527 3089 Dominicam
1552 3013 1951 3091 secundam
1991 3015 2389 3113 aduentus,
2439 3017 2614 3091 Anno
2638 3007 2721 3079 Dst

684 3121 857 3194 mini
893 3120 1529 3196 MCDXXXVI.“
1634 3197 1639 3201 ,

766 3261 914 3324 Ibid.
949 3286 1011 3346 p·
1050 3266 1108 3323 8.
1146 3286 1206 3347 p·
1249 3269 1349 3326 25·
1395 3253 1727 3346 Postquam
1754 3284 1830 3325 ex
1861 3264 2185 3342 Bohemia,
2231 3271 2347 3333 iam
2377 3271 2435 3332 in
2472 3263 2715 3351 potestatem

873 3365 1237 3451 Sigismundi
1274 3358 1434 3448 regis
1470 3364 1756 3442 redacta,
1800 3366 1860 3427 iu
1901 3371 2273 3454 Hungariam
2297 3419 2315 3446 ,
2359 3366 2565 3457 plurimi
2592 3349 2714 3465 liu-fi·

869 3476 969 3528 tae
996 3466 1144 3526 iram
1187 3465 1344 3548 regis
1393 3463 1797 3544 declinantes,
1840 3477 1971 3531 tum
2023 3474 2200 3535 etiam
2258 3476 2497 3536 aliorum
2531 3472 2709 3529 sectant?
2790 3483 2791 3502 ³

870 3591 1006 3632 rum
1030 3614 1048 3645 ,
1093 3568 1563 3652 Orphanitarum
1582 3611 1605 3639 ,
1653 3581 1717 3633 et
1743 3571 2193 3654 Taboritarum,
2235 3580 2312 3640 ab
2342 3576 2564 3638 inuicem
2585 3558 2708 3625 *wllter

868 3670 1304 3748 discordantes,
1344 3693 1409 3734 se
1443 3674 1799 3736 cateruatim
1832 3675 2217 3760 recepissent,
2251 3681 2311 3742 in
2350 3688 2553 3742 tantum
2586 3675 2711 3729 ow·

868 3785 1019 3838 runt
1054 3796 1395 3850 numerum,
1426 3795 1500 3838 ac
1532 3775 1932 3842 Schismaticis
1966 3782 2228 3866 colligati
2265 3806 2337 3847 eo
2374 3775 2605 3843 audaciae
2626 3779 2717 3849 ΡΝ·

872 3886 1208 3961 ruperunt,
1253 3885 1319 3940 vt
1349 3876 1508 3939 initis
1543 3878 1699 3941 clam
1732 3879 1999 3952 viribus,
2043 3885 2213 3946 clero
2246 3869 2526 3948 Catholico
2553 3869 2714 3939 8⁰⁸⁰J⁰¹

875 3978 935 4040 iu
978 3976 1358 4041 orthodoxos
1391 3978 1775 4064 irrumpere,
1820 4003 1893 4046 ao
1929 3985 2099 4068 regni
2130 3994 2505 4070 potestatem2
2550 3972 2659 4035 sieut
2683 3958 2715 4017 5⁰

881 4080 1186 4158 Bohemia,
1214 4081 1327 4145 sibi
1349 4081 1688 4159 vendicare,
1720 4094 1950 4151 temere
1981 4090 2317 4173 cogitat-inu
2356 4077 2536 4146 Iacchi
2555 4067 2713 4168 verba}

874 4183 986 4246 Dei
1025 4182 1426 4268 praedicantis
1477 4183 1790 4249 laboribus
1836 4188 2171 4272 periculum
2215 4201 2304 4255 est
2352 4197 2611 4251 anetam,
2654 4178 2711 4244 ³⁰¹
