2926 4849
665 437 703 500 7
718 433 819 504 14

556 638 795 720 tulum
841 641 1218 732 Ecclesiae
1273 636 1629 716 'Albensis
1672 655 1759 729 et*
1795 634 1973 711 alios
2015 630 2431 734 quoslibet,
2491 628 2589 703 ab
2638 656 2766 706 oc·

551 747 996 853 cupatione‚
1052 747 1569 849 vsurpatione,
1611 742 2099 840 detentione,
2146 736 2765 842 perpetuatione,

556 870 634 936 et
681 853 824 932 sibi
872 853 1050 959 ipsis
1106 852 1329 938 statui
1381 851 1754 944 factione,
1830 848 2213 944 fructuum
2261 871 2621 950 quoque,
2683 862 2761 922 et

551 961 1048 1065 quarumlibet
1080 957 1481 1060 Vtilitatum
1517 957 1995 1062 perceptione
2039 969 2118 1030 et
2156 955 2445 1057 percipi
2477 951 2759 1026 factio-

551 1091 681 1162 ne,
735 1092 967 1167 seque
1005 1067 1083 1154 in
1122 1063 1893 1152 dominiumeiusdem
1929 1063 2506 1149 intromissione,
2561 1079 2759 1159 quo-

553 1176 666 1250 uis
706 1174 1044 1282 quaesito
1085 1174 1381 1268 colore,
1434 1190 1593 1248 arte
1639 1172 1752 1248 vel
1791 1171 2097 1273 ingenio
2132 1165 2519 1269 quomodo
2561 1165 2758 1242 libet

546 1275 765 1358 factis
805 1273 920 1356 vel
956 1278 1220 1384 fiendis
1258 1279 1636 1384 prohibuit
1673 1274 2282 1368 contradicendo,
2338 1292 2416 1350 et
2450 1291 2777 1366 contra-,

554 1386 738 1462 dixit
775 1385 1224 1483 inhibendo,
1280 1386 1580 1492 publice
1627 1404 1701 1464 et
1756 1382 2141 1461 manifeste
2183 1409 2435 1459 coram
2484 1380 2758 1470 nobis,

553 1496 980 1580 testimonio
1032 1495 1530 1599 praesentium
1580 1491 1982 1571 mediante..
2065 1492 2337 1588 Datum
2384 1487 2574 1563 feria
2619 1513 2752 1563 se-

554 1601 794 1706 cunda
858 1600 1779 1706 proximatpost·Festqm
1846 1598 2315 1684 sacratissimi
2373 1595 2754 1699 Corpoeis

555 1707 818 1802 Christi
842 1765 864 1804 ‚
924 1710 1149 1802 Anno
1193 1705 1522 1788 eiusdem
1553 1706 1957 1786 Millesimo
1999 1703 2758 1813 quadringentesimo

554 1815 949 1918 trigesimo.
986 1816 1328 1920 quint0.“
2577 1869 2584 1874 -

642 1949 687 2006 Ε
733 1945 1087 2008 membrana
1132 1943 1429 2030 originali.
1486 1987 1495 1995 -
1537 1913 1548 1930 f

1374 2104 1927 2180 cccxxxm.

549 2248 864 2306 &mamm
895 2250 947 2301 S-
985 2247 1234 2328 Martini
1253 2279 1272 2304 ‚
1310 2248 1530 2304 Montis
1569 2243 1906 2300 Panhoniae
1928 2263 2035 2316 pro
2063 2247 2350 2298 conuentu
2380 2243 2446 2295 de
2482 2244 2712 2295 Choma
2730 2275 2747 2299 9

735 2349 1014 2405 conspetu:
1044 2337 1309 2394 veritate,
1358 2336 1510 2407 Regi
1541 2336 1900 2407 Sigismundo
1954 2334 2288 2387 relationem
2331 2347 2615 2402 praestat.
2681 2334 2743 2382 A.

754 2424 918 2481 1435.
970 2500 978 2511 ⁸

634 2590 679 2627 μ
747 2536 1239 2622 serenissimo
1283 2546 1603 2650 Principi
1649 2546 1978 2631 Domino
2019 2546 2401 2649 ipsorum,
2470 2541 2741 2616 Domi-

556 2679 654 2727 no
693 2648 1173 2754 sigismundo
1199 2707 1220 2744 ‚
1277 2652 1418 2727 Dei
1455 2654 1685 2752 gratia
1734 2655 2250 2748 Romanorum
2294 2650 2740 2754 Imperatori

545 2782 843 2860 semper
886 2757 1269 2859 Augusto,
1324 2785 1414 2833 ac
1452 2758 1915 2862 Hungariae,
1970 2756 2411 2847 Bohemiae,
2461 2755 2742 2830 Dalma-

548 2865 730 2960 tiae,
788 2865 1132 2941 Croatiae
1168 2881 1310 2941 etc.
1368 2865 1611 2979 Regi,
1667 2869 2106 2957 conuentus
2157 2862 2599 2964 Monastery
2640 2890 2742 2939 sa·

445 3005 449 3009 ’
550 2970 983 3059 criMontis
1031 2972 1457 3073 Pannoniae
1517 2974 1886 3061 orationes
1944 2973 2022 3049 in
2077 2970 2401 3047 Domino
2455 2968 2744 3046 debitas

547 3105 638 3153 ac
680 3076 985 3155 denotas
1052 3105 1227 3156 cum
1293 3096 1659 3186 perpetua
1727 3079 2099 3179 fidelitate.
2157 3078 2427 3154 Literis
2477 3080 2742 3152 vestris

544 3185 980 3263 annualibus
1031 3184 1124 3260 ad
1160 3186 1699 3292 inquisitiones
1724 3244 1744 3280 ,
1806 3184 2350 3291 prohibitiones
2382 3242 2404 3281 ,
2462 3210 2739 3260 euoca-

551 3292 822 3384 tiones‚
878 3291 1068 3366 etad
1112 3299 1360 3372 omnia
1411 3294 1602 3388 alia,
1658 3320 1851 3396 quae
1917 3294 2311 3389 talibus-in
2366 3292 2734 3397 processi-

544 3397 686 3473 bus
722 3401 921 3472 iuxta
969 3401 1181 3505 regni
1235 3403 1472 3478 nostri
1520 3399 2131 3478 consuetudinem
2185 3397 2348 3474 fleri
2405 3424 2732 3476 consue·

549 3498 856 3597 uernat,
886 3504 1268 3601 facienda,
1320 3508 1688 3612 religiosis
1725 3510 1901 3585 vir'is
1945 3505 2267 3583 Domino
2304 3505 2548 3581 Fratri
2587 3506 2734 3581 An·

492 3622 514 3649 '
541 3613 742 3686 tonio
793 3609 1218 3738 Praeposito
1257 3632 1336 3693 et
1377 3618 1798 3694 Conuentui
1859 3613 2224 3691 Ecclesiae
2289 3612 2384 3687 de
2438 3612 2732 3690 Choma

546 3742 688 3823 per
723 3719 893 3793 anni
934 3718 1305 3798 clrculum
1352 3725 1649 3825 quoties
1695 3721 1883 3800 datis
1921 3739 1995 3798 et
2030 3722 2418 3812 concessis,
2475 3746 2732 3824 supre-

542 3851 663 3900 ma
705 3851 881 3901 cum
916 3826 1339 3904 obedientia
1370 3832 1714 3940 receptiS,
1756 3832 1960 3906 iuxta
1993 3854 2318 3931 quarum
2348 3828 2730 3903 continen-

430 4020 447 4031 s
542 3934 676 4010 tias
699 3961 840 4008 vna
859 3958 1032 4010 cum
1058 3933 1281 4019 Paulo
1304 3935 1399 4013 de
1417 3937 1772 4031 Chaford‚
1792 3937 2096 4015 homine
2122 3952 2389 4024 vestro,
2421 3945 2496 4008 in
2522 3960 2725 4037 prae·

540 4038 705 4116 satis
730 4039 959 4116 literis
1006 4044 1265 4118 vestris
1306 4046 1745 4131 annualibus
1775 4048 1969 4120 inter
2004 4040 2185 4119 alios
2227 4038 2572 4120 homines
2612 4072 2721 4122 ve·

536 4164 729 4222 stros
766 4150 1277 4253 conscriptos,
1335 4179 1691 4259 expresse
1741 4151 2120 4225 nominato
2147 4208 2167 4242 ,
2229 4168 2561 4226 nostrum
2597 4152 2716 4227 ho-
