2926 4849
2014 413 2167 520 sta

154 680 328 769 ptem
354 675 421 734 et
468 657 781 745 duarum
818 653 1107 733 sedium
1148 651 1696 750 Saxonicalium
1739 671 1880 733 etc.
1931 654 2274 735 Risu-ici·—

152 797 254 846 en.
299 763 733 858 saxonibus,
788 765 1276 865 omniumque
1310 761 1620 840 Sedium
1676 761 2139 862 Siculorum,
2189 767 2293 851 in]

150 873 394 980 oppido
441 871 769 976 Capolna
819 912 928 928 —
983 869 1248 945 arduas
1314 897 1562 948 causas
1631 871 1898 948 barum
1949 877 2272 975 partium.

149 978 633 1064 tractantibus,
687 980 884 1054 inter
916 976 1334 1084 praedictos
1366 976 1672 1054 Nobiles
1710 1005 1796 1054 ac
1835 977 2163 1057 Saxones
2200 996 2280 1056 et

145 1087 406 1167 Siculos
469 1087 685 1177 talem
733 1083 1134 1169 fraternam
1181 1084 1672 1189 disposuimus
1721 1088 2118 1180 wionem,
2173 1104 2280 1161 ta-

75 1290 78 1295 ,
145 1214 391 1299 etoque
450 1192 544 1267 ab
595 1191 705 1268 bis
759 1191 1173 1267 dominicae
1230 1191 1489 1275 Crucis
1540 1192 1799 1297 signo,
1867 1196 2281 1272 iuramento

141 1303 617 1407 proclamato,
687 1325 876 1375 aeuo
943 1316 1278 1402 tempore
1349 1300 1786 1379 iurauerunt
1847 1300 2287 1394 obseruare,

141 1407 497 1513 quomodo
539 1432 787 1485 sacrae
822 1407 1165 1482 Coronae
1209 1422 1433 1505 atque
1480 1400 1960 1495 inuictissimo
2001 1407 2292 1510 princi-

138 1520 213 1619 pi
263 1533 332 1591 et
380 1512 681 1589 domino
715 1568 739 1608 ,
802 1512 1124 1590 Domino
1192 1510 1711 1619 sigismunde,
1778 1517 2293 1601 Romanorum

136 1622 597 1727 Imperatori,
669 1646 755 1696 ac
812 1618 1275 1719 Hungariae,
1334 1616 1776 1713 Bobemiae,
1840 1614 2291 1716 Dalmatiae,

138 1729 461 1807 Croatiae
515 1746 648 1803 etc.
699 1729 904 1829 regi,
978 1726 1286 1803 domino
1348 1745 1606 1811 nostro
1685 1731 1996 1809 naturali
2060 1749 2297 1807 metu-

133 1833 564 1927 endissimo,
621 1829 1051 1913 fidelitatem
1112 1830 2026 1928 aeuiter-obseruandam,
2083 1850 2161 1913 et
2200 1836 2302 1912 ad

78 1988 84 1999 ·
129 1940 610 2034 resistendum
670 1940 1012 2029 omnibus
1086 1938 1231 2017 hoc
1289 1966 1606 2043 regnum
1659 1943 2303 2046 impugnantibus,

128 2050 632 2149 cuiuscunque
694 2047 1139 2139 conditionis
1207 2062 1279 2127 et
1332 2047 2032 2141 inimiciexistant,
2104 2070 2182 2129 et
2225 2078 2306 2127 se

124 2152 644 2259 inseparabiles
681 2154 800 2239 *ab
853 2152 1177 2230 inuicem
1245 2152 1674 2232 iurauerunt
1727 2155 1804 2229 in
1871 2155 2305 2236 defensione

121 2263 335 2359 huius
369 2260 580 2363 regni
620 2258 1189 2351 obseruaturos,
1244 2260 1371 2334 tali
1413 2264 1659 2355 tamen
1701 2259 2167 2358 conditione,
2226 2280 2310 2343 vt

122 2369 299 2447 dum
351 2386 427 2460 et
469 2367 774 2468 quando
832 2365 1348 2442 inuictissimus
1404 2369 1759 2470 Princeps
1813 2386 1890 2448 et
1942 2369 2307 2464 dominus,
2398 2405 2403 2413 ·

118 2478 490 2570 Dominus
556 2492 851 2567 noster,
908 2470 1419 2574 sigismundus
1453 2512 1566 2533 -
1610 2475 1918 2551 alicuius
1958 2479 2309 2556 volunta-

114 2585 209 2660 tis
247 2584 369 2657 vel
408 2577 718 2678 actionis
752 2606 1004 2656 versus
1042 2578 1302 2658 barum
1341 2582 1565 2658 trium
1600 2586 1959 2685 partium,
2012 2601 2096 2660 vt
2132 2600 2311 2688 puta

110 2689 543 2781 Nobilium,
600 2687 985 2778 Saxonum
1039 2684 1162 2761 vel
1214 2685 1683 2781 Siculorum,
1755 2688 2034 2766 habere
2079 2691 2309 2774 inten-
2350 2697 2397 2752 Σ

111 2796 364 2891 deret,
397 2796 541 2869 nisi
575 2792 783 2870 flexis
821 2792 1134 2895 genibus
1171 2795 1484 2892 gratiam
1523 2797 1786 2869 tertiae
1821 2797 2012 2898 parti
2057 2797 2309 2901 impe-

108 2920 319 2981 trare
374 2915 948 2990 succurrerent,
1014 2922 1153 2974 nec
1210 2897 1422 2973 aliud
1479 2899 1830 2976 iuuamen
1881 2899 2031 2976 vllo
2080 2902 2310 2978 modo

104 3028 502 3115 praestare
541 3021 957 3106 teneantur,
1011 3029 1151 3078 nec
1194 3006 1345 3079 ausi
1377 3007 1518 3084 sint
1557 3004 1787 3082 modo
1822 3008 2140 3108 aliquali.
2193 3012 2310 3084 In·-

102 3142 351 3220 super
388 3129 845 3207 statuerunt,
899 3129 1005 3203 vt,
1059 3109 1242 3190 dum
1288 3128 1361 3194 ,et
1401 3112 1701 3216 quando
1735 3111 1981 3216 aliqua
2013 3113 2310 3196 illarum

95 3223 455 3329 partium
538 3218 764 3296 modo
839 3217 1444 3298 exercituationis
1514 3217 2037 3310 intenderent,
2128 3240 2311 3297 tunc

98 3326 595 3437 temporibus
636 3324 1095 3420 aestiualibus
1138 3323 1498 3402 descensu
1541 3327 1944 3432 ,campestri
1992 3341 2311 3408 tenean‘e

93 3457 283 3529 tur,
349 3452 434 3510 et
479 3436 808 3528 seniores
871 3431 1085 3507 villae
1151 3432 1711 3536 propinguioris
1766 3434 1888 3510 vel
1932 3436 2310 3516 vicinioris

86 3555 346 3649 supra
391 3542 608 3619 tactis
654 3537 1283 3618 exercituantibus
1321 3541 1600 3616 victum
1649 3538 2161 3620 administrare
2202 3558 2312 3620 te-

81 3665 490 3744 neantur,
546 3672 687 3724 nec
726 3647 1010 3738 carius,
1057 3642 1198 3722 sed
1245 3671 1387 3749 pro
1439 3645 1566 3722 tali
1610 3650 1898 3750 pretio,
1957 3651 2063 3726 ‚vti
2124 3648 2305 3750 ipsis

77 3755 471 3848 villania,
528 3752 720 3856 dare,
741 3755 1197 3858 permittant,
1251 3753 1382 3857 qui
1419 3755 1962 3836 exercituantes
2001 3753 2309 3837 modum

76 3862 479 3940 soluendi
505 3887 659 3938 non
695 3876 1092 3955 recusent3
1147 3862 1576 3962 quicunque
1611 3879 1860 3948 autem
1894 3864 2133 3940 carius
2165 3861 2309 3939 da-

77 3997 181 4047 re
231 3970 837 4073 praesumserint
860 4021 882 4059 ,
915 3993 960 4041 a
994 3964 1242 4054 iudice
1280 3993 1414 4043 suo
1453 3993 1606 4042 non
1645 3966 1910 4061 rebus,
1963 3966 2095 4048 aed
2136 3996 2312 4078 poe-

74 4104 197 4154 na
234 4077 562 4180 capitali
611 4075 1033 4183 puniantur.
1096 4072 1653 4162 Ordinauerunt
1694 4076 1955 4168 etiam,
2013 4090 2094 4158 vt
2138 4087 2317 4156 tem·

74 4184 448 4288 poribus
499 4181 933 4260 hiemalibus
976 4183 1055 4257 in
1111 4177 1563 4265 ciuitatibus,
1639 4181 1934 4287 oppidis
1995 4198 2071 4258 et
2127 4184 2318 4262 villis
2410 4273 2413 4278 ‚

213 4295 469 4367 Tom.
506 4292 602 4365 X.
643 4290 813 4364 vol.
849 4285 1007 4363 Vll.
1842 4294 1937 4361 58
2402 4291 2409 4300 ’
