2926 4849
612 507 619 514 ·
691 454 901 527 6⁷0·

478 699 487 706 ⁸
575 664 1227 758 bebdomadaiium
1273 665 1604 760 aliorum
1640 667 1985 761 locorum
2026 666 2528 748 celebrentur.
2590 675 2790 749 Item

575 774 789 882 quod
829 777 969 882 ipsi
1008 772 1279 876 syiuis‚
1304 831 1307 838 .
1334 773 1536 850 circa
1573 770 1838 854 domos
1871 800 2137 852 eorum
2168 775 2550 864 allodiaies
2581 780 2786 855 intra

580 903 817 963 metas
851 881 1186 960 eiusdem
1217 906 1462 958 nouae
1484 881 1824 959 Ciuitatis
1855 900 2153 961 nostrae
2184 886 2227 958 J
2230 912 2436 962 azow
2452 889 2784 963 existen·

575 1011 683 1071 tes
720 989 1028 1082 habitis,
1082 1015 1239 1065 non
1282 1013 1425 1094 pro
1460 988 1624 1065 aliis
1665 988 1919 1066 vsibus
1955 1015 2270 1083 eorum,
2316 987 2447 1067 sed
2485 1008 2784 1070 tantum

575 1126 722 1202 pro
763 1098 1056 1177 cultura
1094 1093 1668 1192 Montanarum,
1720 1095 2002 1174 ibidem
2037 1100 2506 1176 existentium
2529 1155 2554 1192 ‚
2594 1127 2783 1177 mo-

572 1233 660 1287 re
690 1202 1228 1304 aliassoiitoaet
1261 1218 1626 1281 consueto
1660 1206 1764 1282 vti
1807 1203 2142 1300 valeant,
2214 1223 2444 1310 atque
2510 1209 2777 1310 potiri.

574 1317 765 1394 Item
808 1310 1016 1414 quod
1049 1310 1196 1416 ipsi
1232 1328 1313 1386 et
1348 1334 1617 1401 eorum
1654 1308 1974 1412 quilibet
2007 1336 2182 1390 eum
2233 1315 2594 1391 vniuersis
2643 1341 2781 1393 eo-

574 1446 752 1499 rum
831 1416 1060 1503 rebus
1131 1417 1865 1511 mercimonialibus,
1954 1420 2473 1525 cuiuscunque
2543 1447 2780 1524 gene-

513 1616 522 1627 ,
574 1531 678 1606 ris
726 1529 1084 1611 existant,
1141 1523 1466 1630 demptis
1501 1521 1972 1620 solummodo
2005 1524 2230 1603 rebus
2275 1545 2353 1606 et
2397 1526 2614 1604 bonis
2664 1548 2780 1607 at·

573 1662 727 1740 que
778 1631 1221 1712 animalibus
1265 1658 1405 1736 per
1454 1657 1597 1709 nos
1649 1650 1861 1710 extra
1914 1631 2473 1740 limitesRegni
2532 1638 2779 1712 nostri

573 1743 1000 1847 Hungariae
1041 1736 1322 1817 deferri
1360 1757 1440 1816 et
1476 1736 1694 1832 educi
1735 1737 2172 1844 prohibitis,
2201 1759 2280 1817 et
2311 1742 2391 1817 in
2429 1741 2779 1820 futurum

571 1846 1103 1955 prohibendis,
1173 1863 1328 1925 tam
1373 1846 1626 1935 intra,
1693 1873 1927 1951 quam
1987 1864 2201 1923 extra
2266 1874 2580 1952 regnum
2628 1878 2777 1929 no-

567 1973 806 2034 strum
880 1954 1344 2059 Hungariae‚
1410 1953 1673 2032 solutis
1723 1958 1802 2029 in
1843 1952 2042 2030 wlocis
2091 1956 2642 2033 wtricesimarum
2696 1976 2777 2035 et

568 2064 1022 2141 tributorum
1063 2060 1159 2138 de
1198 2063 1365 2139 iure
1406 2059 1832 2156 soluendis,
1886 2062 2092 2138 iuxta
2145 2060 2437 2138 libitum
2501 2063 2774 2140 volun·

565 2174 731 2278 tatis
775 2173 1153 2276 ipsorum,
1207 2163 1382 2245 binc
1413 2164 1587 2246 inde
1624 2168 1740 2245 ire
1775 2164 2148 2272 proficisci
2199 2194 2289 2244 ac
2349 2171 2769 2277 negotiari,

566 2296 644 2355 et
680 2302 948 2356 eorum
981 2280 1420 2355 mercantias
1454 2294 1532 2352 et
1563 2276 2120 2379 negociationes
2141 2275 2406 2353 ‚facere
2445 2295 2520 2354 et
2548 2303 2804 2355 exer-¹

566 2410 744 2464 cere
790 2385 1083 2463 valeant
1114 2401 1342 2491 atque
1384 2383 1686 2489 possint.
1744 2384 1841 2460 Et
1876 2408 2018 2459 nec
2053 2398 2182 2490 eos
2226 2383 2307 2459 in
2342 2383 2768 2463 huiusmodi

563 2493 905 2597 ipsorum
937 2490 1568 2596 negotiationibus
1598 2489 2151 2594 proficiscentes
2180 2489 2276 2565 ad
2310 2494 2630 2570 cuiusuis
2654 2495 2765 2569 in·

450 2594 463 2609 ‘
563 2602 906 2675 stantiam
943 2599 1317 2693 iudicare,
1376 2592 1495 2674 νῗεΙ
1532 2622 1672 2673 suo
1711 2596 2001 2674 adstare
2042 2597 2399 2675 iudicatui
2435 2598 2762 2706 compel-

560 2704 764 2798 lere,
821 2722 948 2782 aut
985 2732 1109 2807 res
1147 2722 1223 2780 et
1264 2705 1459 2780 bona
1493 2729 1757 2780 eorum
1795 2722 2120 2781 arestare
2168 2731 2302 2783 seu
2351 2706 2761 2811 prohibere

559 2808 810 2889 facere
852 2829 1330 2918 praesumant
1360 2830 1436 2887 et
1470 2808 1792 2887 debeant
1826 2808 2321 2916 quouismodo
2340 2872 2358 2899 ,
2417 2838 2749 2919 praeser-

458 2918 474 2938 ‘
561 2922 696 2996 tim
727 2946 874 3025 pro
908 2918 1223 3010 debitis,
1282 2914 1570 2997 delictis
1594 2937 1672 2996 et
1705 2917 2127 2997 excessibus
2168 2920 2529 3016 aliorum,
2572 2924 2757 3026 quin

558 3025 712 3103 imo
749 3028 985 3132 siquis
1027 3023 1442 3130 quidquam
1477 3025 1788 3102 actionis
1830 3026 1947 3101 vel
2002 3029 2451 3130 quaestionis
2494 3048 2755 3106 contra

557 3134 760 3241 ipsos
795 3133 1137 3211 habuerit
1159 3189 1183 3226 ‚
1256 3133 1336 3210 id
1393 3149 1833 3236 persequtur
1877 3157 2105 3239 super
2149 3133 2452 3217 eosdem
2501 3161 2754 3211 coram

558 3242 829 3320 Judice
875 3257 954 3319 et
1009 3242 1283 3317 Juratis
1349 3240 1660 3316 Ciuibus
1739 3236 2081 3317 Ciuitatis
2155 3260 2450 3319 nostrae
2515 3242 2749 3346 Iglow

558 3365 1069 3456 praenotatae,
1113 3350 1243 3450 qui
1266 3372 1365 3423 ex
1395 3362 1610 3451 parte
1654 3368 1945 3438 eorum,
1987 3373 2211 3429 omne
2247 3368 2513 3426 contra
2550 3353 2747 3454 ipsos

560 3455 1045 3562 quei-uiantes
1070 3455 1118 3528 J
1123 3451 1450 3531 udicium
1479 3470 1555 3529 et
1582 3453 1933 3530 iustitiam
1953 3454 2372 3531 ministrare
2397 3458 2746 3532 tenebun-

559 3578 728 3659 tur,
781 3562 960 3640 iuris
998 3560 1264 3639 ordine
1306 3561 1732 3639 obseruate.
1791 3558 1977 3638 Aliis
2024 3561 2247 3639 etiam
2290 3565 2577 3642 cunctis
2621 3563 2744 3637 Ju-.

554 3670 807 3766 ribus,
863 3669 1367 3763 libertatibus,
1420 3668 2007 3748 immunitatibus
2058 3686 2135 3743 et
2173 3673 2742 3775 praerogatiuis,

551 3778 828 3882 quibus
871 3779 1015 3882 ipsi
1054 3801 1153 3854 ex
1194 3776 1552 3854 diuorum
1609 3801 1874 3879 regum
1929 3773 2397 3881 Hungariae,
2455 3798 2744 3857 nostro-

552 3912 722 3962 rum
774 3886 1060 3963 scilicet
1128 3881 1797 3962 Praedecessorum
1820 3938 1844 3978 ,
1928 3888 2254 3986 gratiosa
2313 3886 2743 3962 cocessione

552 3992 909 4072 hactenus
941 3993 1083 4069 rite
1112 4009 1202 4069 'et
1237 3990 1562 4092 legitime
1602 3991 1711 4065 vsi
1733 3989 2058 4076 fuerunt.
2094 4006 2174 4068 et
2205 3993 2507 4094 grauisi,
2552 4012 2745 4070 vtan·

432 4182 439 4189 ,
554 4118 678 4179 tur
699 4156 723 4196 ,
776 4100 1151 4204 gaudeant
1190 4116 1273 4176 et
1306 4097 1688 4194 fruantur5
1735 4096 2037 4173 eosdem
2067 4100 2298 4178 etiam
2330 4101 2583 4196 ciues,
2615 4127 2740 4205 po-

552 4210 815 4314 pulos,
891 4222 1343 4313 mercatores
1393 4224 1473 4283 et
1522 4206 1800 4284 incolas
1857 4205 2079 4310 ipsius
2133 4234 2378 4284 nouae
2438 4209 2743 4287 ciuitatis
