2926 4849
2135 461 2284 530 163
2402 561 2409 566 ,

197 662 555 771 Stephani
599 664 789 765 paru
827 663 1187 742 aduersae
1222 663 1787 768 inuoluendus
1827 667 1922 744 ad
1966 683 2397 775 praesente·

199 788 502 850 octauaa
550 768 716 845 sesti
773 770 1348 876 Epiphaniamm
1390 773 1693 850 Domini
1734 770 2055 853 deducta
2100 773 2397 871 fuisset,

206 878 530 980 denique
574 877 749 982 ipsis
793 880 1074 955 octauis
1124 877 1573 959 instantibus
1627 880 2015 968 Demetrio
2068 879 2401 958 Literato

209 1010 346 1093 pro
382 983 753 1070 annotatis
788 983 1092 1062 Abbate
1132 1002 1212 1062 et
1244 984 1645 1066 Conuentu
1678 986 1776 1064 de
1815 986 2186 1087 Tykonio.
2220 1016 2396 1089 cum

206 1090 742 1199 procuratoriis
805 1088 1037 1169 literis
1101 1118 1400 1177 eorum.
1439 1085 1446 1092 ’
1489 1092 1669 1172 item
1729 1094 1990 1171 Paulus
2048 1096 2395 1170 Decanus

204 1226 346 1305 pro
383 1199 1121 1304 annotato‘Capitulo
1157 1197 1475 1278 Albensi
1518 1227 1687 1276 cum
1744 1203 2279 1305 procuratoriis
2320 1203 2401 1275 li·

205 1309 378 1384 teris
422 1302 789 1396 eiusdem,
839 1306 1281 1408 Joanneque
1325 1303 1694 1401 Literna,
1726 1335 1884 1411 pro
1933 1312 2404 1412 praescriptis

205 1410 667 1490 Dominabus
702 1410 1397 1491 sanctimonialibus
1439 1439 1614 1491 cum
1657 1415 2404 1518 procuratoriis-‘lite-

202 1523 306 1597 ris
339 1516 808 1613 earumdem,
863 1521 1042 1598 item
1069 1521 1359 1597 Joanne
1392 1511 1492 1596 de
1537 1519 1811 1596 Mikola
1853 1546 1996 1624 pro
2032 1523 2404 1606 annotatis

203 1626 368 1725 lilys
419 1623 763 1727 Franchy
818 1653 986 1702 cum
1049 1626 1586 1732 procuratoriis
1662 1626 1896 1703 literis
1966 1627 2404 1710 conuentus

202 1732 710 1836 Simigiensis‚
776 1751 1149 1810 caeterum
1201 1731 1478 1809 Mathia
1541 1733 1835 1812 literato
1900 1758 2042 1834 pro
2095 1735 2406 1839 prefatis

206 1840 466 1917 Priore
526 1853 604 1913 et
662 1837 1056 1918 conuentu
1103 1837 1197 1917 de
1246 1838 1594 1934 Leweld,
1648 1867 1822 1916 cum
1877 1860 2407 1943 procuratorys

203 1945 435 2022 literis
472 1971 736 2021 eorum
773 1948 846 2020 in
888 1945 1124 2052 figura
1177 1945 1414 2024 nostri
1473 1943 1725 2025 iudicii
1782 1944 2402 2041 adhaerentibus,

200 2053 452 2129 literas
529 2070 805 2128 vestras
871 2073 1093 2158 supra
1172 2051 1595 2159 praemissis
1666 2051 1973 2132 relatiue
2028 2053 2404 2140 subortas,

201 2159 683 2261 praemissam
724 2175 1050 2237 nostram
1095 2159 1554 2237 iudiciariam
1593 2157 2213 2240 commissionem
2269 2188 2408 2266 per

200 2266 479 2346 factum
536 2282 1049 2346 annotatorum
1123 2264 1663 2348 Bartltolomaei
1726 2287 1806 2346 et
1860 2266 2237 2362 Emerici,
2309 2296 2406 2344 eo

201 2369 410 2478 quod
447 2374 587 2476 ipsi
621 2370 802 2450 inibi
837 2366 1265 2483 mensurare
1304 2402 1454 2477 non
1500 2369 2006 2478 permittendo
2043 2377 2245 2481 ipsos
2279 2402 2407 2449 no·

195 2501 435 2559 strum
504 2498 583 2555 et
641 2499 965 2557 vestrum
1017 2480 1394 2578 homines,
1461 2480 1734 2583 abinde
1791 2508 2014 2559 manu
2077 2481 2404 2557 violenta

199 2587 683 2694 repulissent,
736 2589 1040 2665 minime
1072 2588 1409 2695 perfecta
1455 2586 1682 2666 fuisse
1726 2584 2212 2682 denotantes,
2269 2618 2404 2667 no·

193 2694 312 2773 bis
363 2693 1048 2800 praesentantibus,
1119 2722 1290 2773 cum
1341 2724 1485 2775 nos
1550 2711 1794 2798 partes
1848 2694 2259 2800 praedictas
2304 2696 2398 2772 ad

194 2801 714 2879 executionem
760 2803 1328 2902 praemissorum
1364 2804 1529 2881 vice
1580 2804 1846 2879 iterata
1895 2802 2395 2879 transmittere

194 2908 713 2998 voluissemus,
746 2905 1005 2984 itidem
1026 2910 1394 2987 Dominus
1432 2908 1712 2986 Ladis
1736 2906 1932 2984 laus
1986 2907 2093 2983 de
2119 2906 2393 2986 Chet-

199 3014 429 3107 nek‚
481 3010 1113 3093 Gubernator
1169 3012 1673 3094 Cruciferatus
1721 3014 2096 3090 Ecclesiae
2135 3015 2390 3092 Sancti

198 3119 560 3224 Stephani
590 3121 786 3223 regis
813 3119 911 3203 de
943 3122 1329 3229 Strigonio
1351 3180 1373 3215 ‚
1420 3146 1788 3224 exurgens
1822 3121 2211 3224 respoudit
2262 3122 2386 3197 tali

196 3225 468 3329 modo:
522 3225 734 3331 quod
763 3229 916 3333 ipsa
955 3226 1284 3308 Ecclesia
1332 3232 1406 3307 B.
1445 3231 1670 3334 Regis
1696 3224 2052 3336 Stephani
2089 3228 2183 3307 de
2203 3226 2392 3304 Stri-

192 3337 432 3442 gonio
484 3336 560 3410 in
615 3338 1074 3441 praescripta
1121 3337 1588 3442 possessione
1637 3332 1879 3437 Telky
1929 3351 2210 3413 certam
2249 3332 2387 3407 ha-

192 3444 412 3521 beret
450 3444 904 3547 portionem,
938 3470 1172 3549 quare
1205 3470 1285 3520 se
1321 3443 1687 3548 praesenti
1724 3468 1986 3518 causae
2025 3441 2389 3519 intromit-

196 3568 406 3641 tere,
461 3567 542 3625 et
571 3547 771 3626 dicta
806 3551 969 3627 iura
1009 3577 1151 3655 pro
1190 3551 1347 3656 ipsa
1382 3548 1710 3628 Ecclesia
1754 3548 1979 3625 vellet
2023 3544 2382 3623 rectifica-

196 3686 299 3735 re.
376 3655 618 3734 Nobis
643 3658 904 3758 itaque
943 3657 1185 3762 ipsum
1233 3657 1829 3736 Gubernatorem
1866 3653 2104 3731 dictae
2160 3654 2271 3753 liti?
2300 3660 2379 3729 s'e

193 3765 689 3842 intromittere
722 3789 940 3869 posse
975 3760 1572 3867 agnoscentibus,
1609 3760 2071 3864 ibidemipse
2089 3761 2383 3865 Guber-

197 3890 406 3948 nator
434 3873 700 3977 primo
720 3872 897 3950 duas
933 3871 1185 3947 literas
1217 3869 1440 3951 nobis
1474 3867 2028 3960 demonstrauit,
2065 3894 2381 3972 quarum

203 3981 439 4081 prima
488 3977 790 4055 Domini
850 3976 1128 4070 Belae,‚
1161 3975 1336 4054 olim
1404 3977 1602 4076 regis
1659 3972 2131 4080 Hungariae,
2170 4001 2382 4067 anno

205 4083 300 4159 ab
337 4076 841 4163 incarnatione
874 4082 1177 4162 Domini
1202 4080 1614 4161 Mcxclv.
1649 4080 2212 4188 priui!egialiteq
2226 4080 2382 4158 edi·

211 4206 281 4265 ta
330 4182 792 4286 declarabat,
865 4188 1071 4298 quod
1132 4188 1485 4284 Salaticc,
1566 4188 1756 4271 lilius
1810 4189 2165 4371 Jpconiae
2191 4244 2221 4309 ,ι
2271 4194 2383 4291 ὀξ

1911 4311 1938 4372 1
1975 4336 1983 4349 .
