2926 4849
2196 507 2298 603 3³

214 710 463 788 sorum
513 712 807 787 Curiae
838 711 1083 812 regiae
1133 710 1513 814 appellare
1552 711 1657 788 fas
1690 715 1869 808 fuit;
1923 718 2161 819 ipsum
2220 720 2407 797 iniu-

218 822 463 895 stitiue
497 846 814 921 arguere
851 816 1097 895 nefas:
1157 820 1379 893 Decr.
1427 817 1505 894 S.
1544 817 1798 925 Steph.
1829 823 1916 898 L.
1958 823 2053 898 ΙΙ.
2092 851 2248 930 cap.
2277 834 2406 904 43.

124 950 129 953 ’
226 927 676 1019 „Multitudo
723 928 1206 1017 castrensium
1244 922 1339 998 de
1373 923 1704 1020 Bursod,
1760 943 1838 1003 et
1885 930 2190 1033 quidam
2228 933 2412 1012 Job·

128 1038 139 1055 “
219 1031 571 1136 hagiones
625 1033 957 1110 eiusdem
1007 1031 1266 1119 castri,
1320 1033 1603 1109 scilicet
1646 1036 1902 1110 Petrus
1947 1055 2021 1112 et
2058 1039 2408 1130 Colman.

216 1141 606 1216 vociferati
640 1159 811 1215 sunt
844 1156 1111 1216 contra
1133 1139 1624 1234 Demetrium,
1646 1138 2017 1219 Comitem
2052 1146 2410 1249 ipsorum,

213 1251 415 1351 Regi
459 1246 757 1322 Andrae
806 1244 1182 1338 dicentes,
1240 1243 1450 1350 quod
1495 1249 1780 1324 iniustis
1840 1248 2131 1329 iudiciis
2188 1272 2263 1330 et
2299 1255 2412 1329 in·

217 1354 494 1432 debitis
547 1353 1065 1431 exactionibus
1117 1378 1265 1440 eos'
1297 1369 1800 1457 aggrauasset3
1855 1355 2232 1460 praefatus
2287 1388 2415 1439 au·-

217 1483 379 1540 tem
420 1464 687 1539 Comes
734 1463 1029 1560 negauit
1078 1459 1267 1553 boc,
1323 1462 1508 1563 quin
1563 1461 1792 1537 immo
1842 1463 2150 1560 adiecit,
2205 1468 2418 1568 quod

214 1571 325 1644 illi
381 1569 606 1644 multa
658 1569 728 1649 ‚ei
786 1564 1048 1649 damna
1096 1584 1189 1651 ¹et
1246 1568 1549 1642 iniurias
1607 1568 2066 1660 intulissent,
2140 1592 2217 1650 et
2273 1574 2416 1653 hoc

214 1680 469 1780 ipsum
509 1700 769 1751 omnes
799 1673 921 1748 alii
965 1672 1446 1775 iobbagiones
1496 1692 1644 1749 tam
1695 1680 2014 1771 exemti,
2069 1670 2297 1782 quam
2340 1683 2419 1759 li·

216 1784 384 1857 beri
402 1781 660 1858 Sancti
696 1783 917 1881 regis,
956 1800 1031 1857 et
1079 1776 1562 1883 quadraginta
1603 1779 1936 1859 homines
1975 1784 2066 1859 de
2100 1804 2417 1879 castren·

212 1891 421 1967 sibus
447 1945 469 1983 ,
524 1888 1067 1964 adstruxerunt.
1124 1887 1583 1962 Memoratus
1626 1891 1880 1990 itaque
1916 1893 2082 1967 Rex
2114 1887 2419 1999 delega-

214 2000 329 2072 uit
387 2023 681 2070 causam
730 2021 1022 2070 eorum
1067 1990 1398 2069 Thomae
1463 1992 1809 2095 Agriensi
1864 1994 2271 2103 Episcopo,
2345 2020 2424 2080 et

215 2101 591 2177 Salamoni
656 2103 858 2178 Bano
913 2098 1419 2176 decidendam.
1519 2101 1670 2195 Qui
1731 2101 1982 2178 ‚verbis
2036 2108 2416 2209 Vtriusque

215 2214 442 2317 partis
483 2207 871 2310 diligenter
902 2209 1291 2311 inquisitis,
1339 2227 1750 2311 posuerunt
1784 2236 2008 2314 super
2048 2214 2420 2293 iurameu-
2491 2276 2494 2283 »

215 2336 370 2393 tum
430 2316 741 2392 Comitis
783 2316 1182 2408 Demetrii,
1243 2332 1317 2390 vt
1350 2318 1703 2416 praestito
1744 2339 2209 2396 sacramento
2254 2348 2421 2427 proo'

213 2426 431 2502 haret
471 2451 549 2500 se
573 2478 595 2517 ‚
651 2424 726 2497 in
765 2421 969 2500 nullo
1000 2416 1362 2526 populum
1400 2448 1843 2526 aggrauase3
1880 2426 2033 2501 imo
2072 2453 2210 2528 per
2242 2456 2420 2509 con-

210 2534 529 2610 trarium
587 2530 729 2607 sibi
788 2530 1127 2616 eundemg
1160 2526 1524 2633 populum
1568 2529 1911 2606 iniuriam
1950 2549 2026 2608 et
2066 2533 2414 2628 damnum

206 2641 617 2734 intulisse3.
644 2664 817 2713 cum
859 2637 1114 2734 itaque
1165 2637 1431 2711 Comes
1477 2637 1895 2713 Demetrius
1941 2659 2237 2744 paratus
2288 2670 2412 2720 es·-

207 2766 320 2823 set
379 2748 683 2839 iuram-,3
754 2743 1137 2819 memorati
1188 2740 1587 2817 aduersarii
1649 2769 1726 2818 se
1782 2748 1980 2849 ipsos
2035 2774 2412 2852 recogno·-

210 2873 535 2936 scentes,
571 2880 723 2928 non
770 2853 926 2926 ausi
965 2867 1131 2926 sunt
1170 2848 1829 2952 ipsum-adiurare,
1867 2866 1945 2927 et
1979 2878 2234 2931 coram
2256 2858 2406 2933 Pri·-
2445 2931 2460 2958 ⁸

215 2961 447 3036 staldo
502 2959 714 3033 huius
772 2982 1078 3049 causae,
1135 2958 1435 3032 nomine
1485 2956 1675 3051 Bas,
1748 2956 1844 3034 de
1900 2957 2072 3040 villa
2124 2962 2400 3051 Harca,

212 3061 706 3143 reddiderunt
753 3085 832 3140 se
895 3062 1339 3167 culpabiles,
1410 3083 1487 3138 et
1540 3061 1893 3139 damnum
1933 3065 2242 3145 Comitis
2289 3069 2401 3156 sui

207 3184 626 3252 restaurare
680 3171 1376 3275 compromiserunt.
1448 3172 1720 3246 Comes
1768 3181 1953 3248 vero
1996 3197 2261 3249 eorum
2302 3173 2393 3251 ad

200 3308 467 3388 preces
520 3294 813 3356 nostras
873 3277 1175 3354 indulsit
1208 3280 1359 3370 eis,
1420 3293 1501 3352 vt
1555 3295 1837 3376 tautum
1889 3275 2069 3356 duas
2118 3308 2400 3361 marcas

201 3410 278 3467 et
329 3388 723 3464 dimidium
776 3386 871 3461 de
928 3401 1088 3462 toto
1153 3383 1427 3461 damno
1499 3409 1636 3459 suo
1716 3385 1788 3460 ei
1875 3389 2474 3489 persoluerent·'

199 3498 736 3597 Nominatique
798 3492 947 3568 duo
996 3490 1482 3597 iobbagiones
1523 3514 1907 3568 carcerem
1949 3494 2225 3572 intrare
2269 3512 2394 3589 tje-

196 3623 590 3691 nerentur,
645 3601 750 3680 ibi
791 3625 944 3703 quo
989 3596 1084 3673 ad
1121 3624 1353 3702 vsque
1392 3600 1660 3673 Comes
1691 3599 1924 3676 vellet
1963 3602 2390 3681 moraturi.“

192 3715 385 3815 Reg.
432 3708 699 3784 Varad.
740 3708 806 3795 §.
858 3712 1035 3780 248.
1088 3707 1493 3798 „Vniuersi
1522 3705 2077 3809 Joubbagiones
2108 3704 2394 3788 Richo-

199 3821 483 3894 rienses
538 3818 1052 3920 impetierant,
1122 3830 1293 3888 ante
1347 3808 1717 3906 Comitem
1759 3812 2070 3899 Micam,
2126 3841 2395 3893 eorum

199 3928 590 4000 vniuersos
624 3939 1028 3999 castrenses
1064 3917 1158 3996 de
1205 3918 1524 4014 Bichor,
1579 3917 1942 3996 dicentes:
1999 3919 2208 4024 quod
2250 3924 2393 4028 ipsi

204 4035 623 4108 castrenses
667 4030 782 4103 bis
831 4030 1287 4132 accepissent
1351 4025 1443 4100 ab
1493 4026 1585 4102 iis
1640 4024 1889 4108 debita
1948 4027 2259 4119 iudicia,
2315 4034 2394 4108 in

210 4135 479 4243 quibus
522 4138 665 4241 ipsi
702 4135 1185 4238 i'oubagiones
1214 4132 1705 4211 castrensibus
1741 4133 2224 4228 tenebantur3
2278 4164 2417 4235 su·⁴

206 4246 587 4347 pradictus
623 4245 875 4345 itaque
931 4240 1157 4318 iudex
1181 4296 1206 4335 ‚
1259 4240 1432 4322 dato
1470 4239 1857 4340 Pristaldo,
1901 4245 2199 4322 nomine
2217 4245 2404 4322 Lau-

308 4352 525 4432 Tom.
558 4353 657 4428 X.
693 4349 867 4427 Vol.
907 4348 1073 4426 Vfl.
1123 4347 1190 4423 b.
1908 4375 1914 4380 ·
1963 4352 2011 4422 3
2373 4350 2385 4364 '
