2926 4849
695 509 851 580 292

592 713 923 791 tuatione
942 768 965 805 ‚
1010 710 1641 790 administratione
1676 723 1753 788 et
1793 707 2119 785 vlteriori
2152 706 2621 813 detentione,
2661 741 2782 792 se·

585 844 738 920 que
774 821 852 895 in
903 816 1314 912 dominium
1356 815 1687 899 eiusdem
1740 815 2290 894 intromissione
2330 819 2774 923 quomodo-

581 914 768 1002 libe't
807 922 1015 1004 factis
1058 927 1174 1001 vel
1231 924 1497 1010 fiendis,
1539 921 2126 1030 prohibuissent,
2183 922 2349 1030 lege
2391 929 2604 1031 regni
2649 956 2773 1004 re·

585 1036 949 1137 quirente.
1014 1032 1597 1136 Datumquarto
1633 1029 1755 1106 die
1799 1030 2090 1106 termini
2134 1035 2561 1132 praenotati.
2606 1033 2774 1110 An-

575 1166 681 1218 no
714 1139 1015 1222 Domini
1046 1137 1481 1249 Millesimo,
1537 1137 2262 1245 quadringentesimo
2301 1142 2768 1243 trigesim0.“

612 1317 620 1324 .
657 1267 710 1328 Ε
748 1263 1104 1330 membran·
1131 1262 1428 1350 originali.
1700 1321 1717 1334 ,
1886 1353 1891 1360 .

1542 1403 1813 1485 xcm.

563 1553 733 1611 Aliae
764 1554 1010 1639 ciusdem
1046 1550 1305 1626 an'mls'
1328 1551 1436 1607 boe
1474 1553 1541 1607 s'u
1573 1552 1770 1606 merito
1794 1548 2233 1622 prohibitoriae·
2269 1553 2337 1610 A.
2379 1553 2545 1609 1430.

687 1727 696 1728 a
780 1663 938 1746 Nos
1004 1660 1428 1766 Capitulum
1490 1656 1855 1733 Ecclesiae
1929 1657 2276 1736 Albensis
2342 1665 2756 1740 memoriae

563 1767 1200 1848 commendamus:
1282 1762 1507 1856 Quod
1540 1763 1921 1867 religiosus
1964 1767 2326 1838 Dominus
2375 1768 2757 1847 Demetri-

560 1905 652 1954 us
700 1876 1082 1961 crucifer,
1123 1875 1391 1950 Custos
1447 1870 1824 1947 Ecclesiae
1879 1872 2086 1946 Beati
2132 1873 2353 1978 Regis
2391 1872 2751 1978 Stephani

562 1983 659 2060 de
703 1969 938 2076 Alba,
995 1981 1070 2057 in
1113 2006 1246 2055 sua
1292 2005 1430 2066 nee
1476 2004 1624 2054 non
1671 1975 1996 2079 religiosi
2035 1994 2113 2054 et
2150 1976 2520 2084 Magnifici
2558 1984 2753 2081 Viri,

423 2141 426 2144 2
556 2091 870 2169 Domini
916 2086 1207 2165 Alberti
1256 2082 1351 2163 de
1415 2086 1637 2190 Nagy
1695 2084 1967 2178 Mihal,
2025 2084 2298 2162 Prioris
2356 2088 2745 2181 Aut-anae,

554 2222 645 2273 ac
687 2198 1118 2274 Conuentus
1164 2192 1402 2271 dictae
1443 2189 1818 2268 Ecclesiae
1866 2190 2075 2268 Beati
2120 2192 2347 2297 Regis
2385 2191 2745 2300 Stephani

550 2303 936 2407 personis,
992 2317 1321 2378 nostram
1357 2300 1663 2378 veniens
1708 2299 1785 2373 in
1825 2299 2355 2404 praesentiam,
2416 2327 2551 2405 per
2588 2329 2743 2380 mo·

553 2410 734 2488 dum
778 2407 1322 2536 protestationis
1384 2421 1454 2484 et
1508 2403 2026 2509 prohibitionis
2071 2402 2289 2483 nobis
2328 2405 2739 2513 significare

552 2533 884 2611 curauit,
917 2518 1012 2591 ·in
1051 2513 1249 2591 hunc
1302 2510 1650 2603 modum:
1709 2510 1979 2606 Quod,
2033 2526 2260 2617 prout
2292 2513 2432 2620 ipsi
2475 2542 2732 2621 perce·

607 2625 876 2717 issent,
933 2618 1334 2713 Albertus,
1387 2617 1582 2695 filius
1635 2618 2001 2722 Bychkele
2048 2619 2143 2696 de
2180 2618 2439 2718 Ewrs,
2491 2639 2566 2698 et
2604 2653 2738 2702 no·

545 2651 719 2806 Eitis
757 2728 1076 2806 Domina
1111 2724 1448 2802 Susanna
1483 2742 1772 2819 vocata,
1817 2743 2048 2802 mater
2095 2727 2457 2824 eiusdem,
2483 2757 2739 2835 quam·

547 2835 721 2915 dam
782 2836 1214 2943 portionem
1268 2834 1603 2939 ipsorum
1646 2832 2288 2937 possessionariam
2330 2836 2410 2912 iu
2458 2864 2743 2943 posses·

547 2943 760 3020 sione
810 2939 1415 3037 Archavocata,
1470 2939 1548 3014 in
1598 2937 1967 3017 Comitatu
2019 2935 2462 3039 Tholnensi,
2516 2940 2740 3023 habi-

547 3068 702 3129 tam
759 3066 838 3128 et
897 3051 1378 3142 existentem,
1462 3071 1690 3149 quam
1775 3047 2007 3150 ydem
2073 3047 2471 3143 Albertus,
2541 3051 2741 3133 filius

546 3153 946 3258 Bychkele,
994 3176 1071 3234 et
1107 3153 1429 3233 Domina
1463 3171 1700 3230 mater
1735 3151 2069 3229 eiusdem
2105 3153 2307 3229 iuxta
2344 3158 2739 3237 continen-

548 3264 727 3342 tiam
762 3262 1064 3340 altarum
1099 3259 1482 3339 literarum
1522 3276 1944 3335 nostrarum
1992 3255 2422 3360 feudalium,
2479 3264 2576 3343 ab
2613 3293 2739 3369 ys.

549 3368 723 3459 dem
759 3367 1084 3447 Domino
1108 3366 1423 3445 Alberto
1459 3365 1714 3441 Priore
1736 3372 1831 3443 'et
1864 3367 2261 3443 Conuentu
2297 3395 2738 3452 conseruas-

548 3492 716 3553 sent
763 3493 842 3555 et
907 3474 1351 3570 tenuissent,
1404 3496 1607 3548 nune
1660 3496 1840 3547 vero
1901 3471 2212 3577 praefati
2251 3472 2606 3554 Albertus
2652 3497 2738 3560 et

548 3583 869 3659 Domina
942 3579 1271 3656 Susanna
1334 3596 1591 3665 mater,
1639 3577 1970 3655 eiusdem
2046 3596 2308 3656 eontra
2365 3582 2734 3691 legitimas

548 3688 1087 3793 prohibitiones
1137 3684 1580 3765 eorumdem
1629 3685 1929 3760 Domini
1986 3684 2284 3765 Alberti
2335 3691 2606 3768 Prior-is
2651 3710 2734 3771 et

552 3791 978 3875 conuentus
1013 3822 1155 3901 pro
1192 3817 1272 3871 se
1304 3796 1477 3897 ipsis
1516 3792 2018 3897 potentialiter
2042 3814 2565 3899 occupassent,
2599 3824 2731 3876 oc-

546 3920 1037 4007 cupatamque
1076 3917 1488 3992 ueremur,
1541 3897 1763 3973 etiam
1805 3898 1899 3973 de
1934 3905 2333 4005 praesenti,
2387 3905 2461 3979 in
2495 3931 2735 4011 prae-

546 4009 901 4087 iudicium
942 4026 1018 4087 et
1048 4006 1397 4085 damnum
1433 4003 1872 4103 eorumdem
1919 4006 2132 4083 valde
2171 4034 2538 4113 magnum.
2592 4010 2731 4089 Fa‘·
2848 4050 2851 4057 ·

543 4131 815 4223 etaque
852 4113 1276 4209 huiusmodi
1315 4113 1884 4219 protestatione,
1937 4132 2325 4192 annotatus
2355 4117 2731 4199 Dominus

543 4221 771 4329 frater
825 4223 1244 4309 Demetrius
1300 4223 1567 4297 Custos
1611 4219 1690 4297 in
1736 4245 1864 4297 sua
1886 4276 1906 4313 ,
1960 4237 2036 4296 et
2090 4221 2515 4301 nominibus
2554 4229 2724 4332 qui·
