2926 4849
655 480 808 570 ³24.

553 688 669 774 los
697 694 1162 786 acceptamus
1181 732 1209 769 ,
1261 677 1806 780 approbatum,-
1830 693 1919 762 ,et
1930 674 2412 771 ratificamus,
2438 751 2445 756 ,
2470 678 2732 756 nihilo-

551 795 946 893 minusque
996 783 1547 885 requirentibus
1629 783 2064 870 eorumdem
2144 788 2524 888 utriusque
2598 788 2732 862 Jo-

513 899 809 984 ·hannis
855 910 931 970 et
989 889 1343 993 Stephani
1389 890 1903 985 fidelitatibus,
1960 887 2436 994 fideliumque
2500 917 2733 998 prae-.-

556 1002 1121 1083 clarissimorum
1151 999 1630 1092 seruitiorum
1655 996 1872 1082 laude
1896 996 2137 1100 ¹dignis
2175 1001 2453 1078 meritis
2488 1017 2566 1076 et
2605 1026 2731 1074 ac·

553 1114 788 1217 'ceptis
825 1109 1125 1183 sinceris
1163 1106 1757 1207 complacentiis,.
1803 1131 1949 1208 per„
1974 1106 2175 1207 ipsos
2208 1105 2424 1184 nobis
2476 1126 2551 1182 et
2599 1134 2730 1183 sa-

559 1246 689 1296 cro
728 1234 982 1292 nostro
1018 1213 1224 1314 regio
1265 1207 1697 1303 diademati,
1751 1211 2265 1312 multipharie‚
2326 1215 2731 1317 multisque

555 1325 792 1402 modis
815 1347 985 1396 eum
1015 1344 1351 1421 sumpme
1387 1317 1748 1396 fidelitatis
1782 1321 2209 1402 constancia
2247 1338 2325 1396 et
2356 1320 2729 1396 sollieitu-

559 1432 731 1506 dine
805 1427 1220 1518 indefessa,
1314 1424 1784 1508 laudabiliter
1831 1424 2166 1508 exhibitis
2224 1445 2295 1502 et
2347 1428 2731 1529 impensis,

557 1535 773 1613 simul
807 1561 975 1610 cum
1008 1531 1504 1634 disposicione
1550 1549 1625 1607 et
1661 1530 2139 1610 ordinacione
2180 1533 2406 1609 modo
2445 1559 2734 1638 prenoe-

557 1660 709 1719 tato
748 1644 945 1718 inter
977 1641 1167 1744 ipsas
1210 1654 1451 1741 partes
1486 1634 1790 1730 habitis,
1844 1655 1920 1722 et
1972 1640 2313 1741 legitimis
2369 1643 2733 1720 statusic»

560 1751 775 1826 nibus
827 1745 1340 1851 possessionar.
1400 1745 1812 1847 premissis,
1880 1746 2191 1846 aliisque
2246 1747 2591 1829 omnibus
2653 1765 2735 1824 et

554 1856 897 1958 singulis,
935 1850 1279 1952 superius
1318 1851 1392 1923 in
1431 1853 1758 1954 ipsarum
1795 1851 2169 1928 literarum
2214 1855 2600 1934 tenoribus
2638 1854 2735 1934 la·

557 1966 713 2041 cius
765 1960 1140 2063 explicatis
1174 1973 1247 2032 et
1286 1961 1691 2052 contentis,
1749 1983 1951 2045 mera
1991 1961 2433 2050 auctoritate
2488 1962 2728 2062 regia,
2820 1995 2831 2011 ·

559 2087 632 2147 et
669 2069 1050 2174 potestatis
1090 2063 1592 2168 plenitudine,
1652 2090 1744 2138 ex
1802 2084 2152 2171 certaque
2194 2087 2457 2149 nostre2
2486 2067 2735 2146 Maieae-

555 2179 760 2254 statis
793 2174 1135 2261 scientia,
1197 2196 1339 2245 nec
1383 2200 1533 2246 non
1580 2169 1671 2245 de
1718 2198 2077 2250 consensu
2128 2192 2202 2249 et
2251 2173 2733 2278 beneplacito

554 2282 1008 2359 serenissime
1050 2277 1413 2378 Principis
1457 2278 1775 2376 Domine
1822 2278 2145 2358 Barbare
2176 2282 2508 2382 Regino,
2563 2306 2737 2360 con·

560 2386 857 2468 thoralis
897 2402 1145 2475 nostre
1181 2384 1598 2478 carissime,
1656 2385 2111 2463 prelatorum
2154 2415 2460 2493 quoque
2496 2406 2574 2464 et
2603 2390 2733 2464 Ba-

554 2521 823 2573 ronum
861 2509 1285 2567 nostrorum
1320 2490 1411 2564 ad
1450 2490 1527 2565 id
1565 2489 1960 2569 accedente
1992 2496 2300 2572 consilio
2345 2514 2732 2599 prematu-

560 2630 686 2691 ω,
742 2620 882 2705 pro
912 2599 1336 2683 memoratis
1371 2596 1709 2673 Jobanne
1749 2618 1821 2674 et
1856 2596 2263 2705 Stephano,
2320 2604 2482 2680 filiis
2519 2600 2736 2678 Em&

558 2710 735 2797 rici,
791 2732 875 2779 ac
916 2705 1146 2779 altero
1183 2701 1523 2779 Johanne
1561 2722 1636 2781 et
1665 2707 1970 2782 Nicolao
1994 2763 2016 2802 ‚
2051 2708 2213 2789 liliis
2250 2711 2573 2789 condam
2608 2711 2740 2807 Pe·

564 2816 664 2891 tri
708 2812 802 2894 de
838 2814 1118 2905 Peren,
1173 2810 1655 2914 ipsorumque
1695 2810 2091 2893 heredibus
2152 2834 2227 2891 et
2280 2817 2740 2920 posteritati-

565 2920 704 2998 bus
743 2919 1136 3009 vniuersis,
1194 2920 1267 2992 in
1316 2946 1561 2996 ewum
1619 2919 1957 2997 valituras
2001 2921 2517 2999 confirmamus
2554 2950 2744 3026 pre*

566 3028 790 3115 sentis
833 3026 1084 3129 scripti
1127 3029 1355 3105 nostri
1393 3031 1804 3128 patrocinio
1843 3027 2248 3121 mediante3
2302 3030 2522 3109 saluis
2557 3020 2747 3105 iuri-

568 3137 709 3213 bus
745 3132 1016 3207 alienis.
1071 3134 1151 3209 In
1213 3132 1416 3211 cuius
1472 3134 1584 3209 rei
1639 3136 2114 3228 memoriam,
2172 3133 2747 3238 firmitatemque

575 3256 1008 3351 perpetuam
1050 3255 1430 3337 presentes
1460 3244 1950 3319 concessimus
1987 3244 2230 3319 literas
2267 3265 2549 3322 nostras
2592 3243 2750 3345 pri-

577 3345 948 3448 uilegiales
981 3344 1364 3447 pendentis
1405 3347 1755 3421 autentici
1795 3348 2015 3451 sigilli
2054 3351 2285 3425 nostri
2332 3350 2704 3453 d-upplicis
2729 3404 2753 3445 ,

577 3482 727 3557 quo
765 3470 845 3528 ut
877 3454 1044 3527 Rex
1087 3450 1465 3555 Hungarie
1528 3455 1833 3546 vtimur,
1889 3459 2297 3537 munimine
2342 3459 2752 3536 roboratas.

578 3565 846 3641 Datum
887 3585 1024 3662 per
1057 3583 1311 3633 manus
1345 3559 1743 3634 reuerendi
1782 3562 1859 3634 in
1899 3562 2190 3640 Christo
2228 3566 2456 3648 Patris
2500 3566 2755 3640 Domi·

576 3669 652 3749 ni
694 3658 1093 3756 Johannis,
1147 3664 1498 3767 Episcopi
1535 3666 1968 3768 Zagrabien.
2023 3674 2212 3746 sacri
2247 3673 2568 3753 Romani
2608 3677 2757 3749 Im-

582 3774 812 3878 perii,
869 3789 1274 3874 nostreque
1307 3777 1511 3872 regie
1540 3774 1942 3857 Maiestatis
1981 3780 2301 3882 sumptui
2358 3777 2756 3855 cancelta-

577 3883 709 3972 rii,
779 3877 1012 3957 fidelis
1071 3879 1303 3954 nostri
1354 3877 1618 3958 dilecti.
1694 3882 1915 3960 Anno
1977 3884 2280 3962 Domini
2355 3884 2758 3961 Miuesimo

577 3985 1306 4089 quadringentesimo
1341 3988 1713 4071 tricesimo
1755 3994 2020 4090 primo,
2059 4010 2472 4096 prenotato.
2518 3994 2761 4079 Quin·

579 4113 657 4175 to
694 4093 865 4170 Idus
897 4091 1074 4166 Julii
1121 4120 1520 4194 regnorum
1558 4115 1802 4172 autem
1835 4115 2259 4177 nostrorum
2299 4128 2493 4179 anno
2516 4099 2759 4175 Hun-

577 4199 828 4306 garie,
888 4213 1030 4274 etc·
1090 4199 1653 4303 quadragesimo
1698 4205 2004 4308 quintu,
2061 4208 2571 4289 Romanum
2635 4208 2757 4285 vir.
