2926 4849
672 457 829 529 6:54

555 665 818 743 bibere
873 680 949 740 et
990 656 1420 764 impendere
1463 655 1811 734 debeatis,
1885 655 2157 733 Datum
2212 653 2503 729 Posonii
2550 651 2750 726 Sab-

558 771 780 848 batbo
824 772 1169 874 proximo
1220 786 1382 868 post
1407 766 1461 837 F
1466 783 1703 839 estum
1729 755 2037 861 Pascliae
2067 762 2395 850 Domini,
2441 759 2749 855 (xxm.

558 879 823 983 April.)
874 904 1072 951 anno
1131 871 1463 948 eiusdem
1535 869 2074 946 MCDXXXV.
2116 868 2553 972 Regnorum
2609 891 2750 938 no-

552 1005 872 1060 strorum
932 1009 1130 1055 anno
1196 977 1622 1081 Hungariae
1700 997 1838 1052 etc.
1895 971 2171 1052 XLIX.
2236 979 2749 1049 Romanorum

554 1093 802 1165 XXV.
862 1089 1253 1164 Bohemiae
1308 1087 1477 1162 XV.
1518 1084 1823 1187 Imperii
1870 1110 2049 1190 vero
2089 1082 2506 1186 secund0.‘·‘

640 1225 687 1283 E
723 1224 890 1282 Mss.
915 1203 1361 1281 Cornidesianis
1392 1217 1595 1274 Tomo
1630 1218 1737 1274 XI.

1430 1413 1888 1489 CCXCVIH.

557 1555 700 1611 Idem
733 1556 1128 1628 Sigismundus
1171 1557 1390 1608 Ioanni
1430 1553 1631 1608 Fanch
1672 1556 1735 1606 de
1777 1554 2063 1609 Gordoua‘,
2117 1554 2181 1604 in
2207 1553 2526 1621 praemium
2559 1553 2751 1604 serui·
2836 1591 2843 1600 .

743 1648 950 1700 ciorum
977 1660 1093 1700 tam
1140 1647 1322 1722 demi,
1365 1664 1534 1715 quam
1577 1646 1643 1696 in
1682 1645 1979 1716 itiner-{bus
2008 1660 2197 1725 ‘mque
2232 1644 2466 1694 Romam
2493 1644 2754 1711 praesti-

745 1753 963 1805 torum,
1007 1743 1203 1794 otnnia
1234 1743 1359 1794 iura
1402 1742 1468 1791 in
1501 1738 1968 1809 poucesionibus
2008 1741 2189 1806 ipsius
2223 1737 2468 1794 habita,
2515 1737 2754 1806 consere·

612 1895 629 1909 ³
717 1819 811 1888 ἰ.
859 1817 1021 1886 1435.

745 1941 903 2020 Nos
946 1943 1458 2046 Sigismundus
1506 1943 1646 2015 Dei
1682 1945 1909 2043 gratia
1946 1942 2465 2026 Romanorum
2512 1942 2755 2044 Impe·
2872 2011 2881 2020 ,

429 2088 440 2104 ’
554 2071 762 2129 rator
815 2078 1113 2155 semper
1173 2051 1588 2152 AugustuS,
1646 2075 1753 2122 ac·
1792 2050 2252 2148 Hungariae‚
2308 2048 2753 2141 Bohemiae,

556 2161 1006 2252 Dalmatiae,
1064 2158 1408 2233 Croatiae
1446 2175 1589 2232 etc.
1632 2158 1797 2229 Rex
1839 2157 2243 2232 memoriae
2286 2154 2757 2229 commenda·

556 2292 720 2341 mus
759 2285 1022 2342 tenore
1064 2267 1560 2369 praesentium
1621 2262 2106 2363 significantes
2150 2263 2418 2360 quibus
2455 2261 2759 2363 expedit

556 2373 961 2448 vniuersis:
1022 2372 1245 2460 Quod
1270 2431 1290 2467 ‚
1332 2372 1665 2471 quamuis
1701 2371 2104 2473 Imperialis
2142 2387 2271 2445 aut
2314 2369 2576 2472 regalis
2617 2371 2756 2444 cir-

557 2498 986 2583 cumspecta
1036 2482 1446 2580 benignitas
1499 2480 2012 2553 vniuersorum
2046 2488 2377 2552 ‘suorum
2427 2473 2755 2551 fidelium

556 2583 1027 2661 subditorum
1090 2588 1303 2660 saluti
1351 2613 1443 2658 ex
1493 2585 1737 2656 innata
1792 2585 1926 2658 sibi
1969 2584 2361 2661 clementia
2417 2584 2754 2658 intende-

556 2719 643 2769 re
684 2706 1067 2785 teneatur3
1116 2718 1206 2764 ex
1242 2694 1360 2765 illa
1402 2689 1648 2765 tam'en
1684 2690 2095 2794 praecipue
2120 2710 2196 2768 et
2233 2689 2531 2797 speciali
2568 2692 2753 2767 eius-

558 2796 731 2872 dem
766 2798 1254 2873 inclinatione
1298 2799 1573 2873 fauoris
1619 2797 1955 2874 meditari
2011 2796 2303 2894 debets
2333 2825 2528 2899 quae
2571 2825 2755 2873 suo-

557 2930 735 2981 rum
780 2904 1405 2996 domesticorum,
1460 2904 1931 2999 familiarium
1962 2959 1986 2994 ‚
2046 2933 2236 3009 quos
2269 2908 2754 2981 intemeratae

557 3010 735 3086 fidei
775 3012 1216 3106 constantia,
1269 3033 1347 3089 et
1384 3014 1772 3088 inueterati
1815 3012 2088 3088 laboris
2134 3013 2573 3089 diuturnitas
2618 3013 2754 3088 cla·

559 3121 661 3195 ris
703 3120 1138 3194 testimoniis
1173 3119 1771 3208 recommendat,
1830 3119 2308 3194 commodum
2356 3122 2757 3223 respiciunt

559 3245 636 3302 et
659 3224 1048 3300 bonorem.
1089 3224 1284 3329 Sane
1303 3224 1758 3302 attendentes
1780 3244 1856 3302 et
1878 3231 1947 3300 in
1978 3228 2133 3303 acie
2152 3226 2417 3300 mentis
2436 3245 2755 3320 nostrae,

562 3331 786 3433 digna
840 3331 1324 3411 meditatione
1383 3350 1772 3438 pensantes
1848 3331 2218 3408 fidelitatis
2286 3333 2596 3437 merita,
2672 3358 2755 3407 ac

556 3456 765 3539 grata
810 3455 884 3513 et
941 3455 1252 3542 accepta
1300 3467 1533 3546 purae
1573 3437 1747 3514 fidei
1794 3459 1871 3515 et
1916 3439 2336 3515 deuotionis
2387 3439 2760 3539 obsequia

555 3544 794 3621 fidelis
837 3546 1088 3631 nostri,
1121 3550 1400 3652 egregii
1451 3547 1797 3637 somnis,
1857 3546 1981 3620 filii
2024 3546 2398 3647 quondam
2436 3546 2759 3622 Ladislai

555 3650 807 3727 Fanch
840 3649 934 3723 de
965 3650 1363 3743 Gordoua,
1422 3653 1598 3731 olim
1635 3656 1846 3755 regni
1886 3656 2121 3730 nostri
2156 3648 2597 3730 Sclauoniae
2628 3652 2761 3727 Ba·
2872 3654 2877 3665 '

548 3756 636 3833 'ni
660 3813 682 3852 ‚
739 3756 1013 3862 quibus
1044 3758 1245 3835 idem
1283 3760 1419 3839 sub
1479 3758 1828 3836 locorum
1856 3778 1934 3837 et
1967 3778 2388 3861 tempouum
2410 3758 2761 3838 ‘diuersi-

553 3881 704 3939 tate
757 3870 831 3939 in
876 3866 1385 3968 compluribus
1430 3866 1699 3941 nostris
1743 3865 2306 3942 exercitualibus
2344 3868 2759 3970 expeditio-

554 3970 776 4046 nibus
826 3989 1090 4047 contra
1137 3974 1534 4049 nonnullos
1583 3974 1878 4052 n'ostros
1920 3990 2001 4048 et
2036 4000 2285 4050 sacrae
2324 3974 2760 4079 Hungariae

558 4076 908 4155 Coronae
951 4080 1280 4157 aemulos
1304 4137 1325 4176 ‚
1381 4078 1698 4158 rebelles
1750 4099 1828 4156 et
1864 4081 2201 4156 inimicos
2242 4106 2464 4184 saepe
2502 4082 2757 4186 saepi-

556 4209 640 4256 us
684 4184 1136 4285 instauratis,
1193 4214 1269 4262 se
1320 4207 1623 4264 nostrae
1668 4186 2097 4265 Celsitudini
2134 4205 2421 4289 gratum
2476 4189 2758 4264 redde-

1666 4365 1705 4389 <0
