2926 4849
666 482 815 550 732

554 688 1099 791 possessionum
1118 735 1147 772 ,
1203 685 1281 759 in
1326 681 1701 758 vindemio
1752 682 2096 787 proxime
2151 678 2410 783 elapso
2465 705 2624 781 pro
2684 705 2762 752 se

553 792 966 868 abstulisset
999 806 1075 866 et
1118 789 1626 894 deportasset
1606 818 1681 863 ιη
1715 788 2041 864 eiusdem
2085 785 2646 888 praeiudicium
2690 803 2765 860 et

552 898 900 982 damnum
936 897 1146 971 valde
1180 923 1545 998 magnum.
1604 897 1932 971 Datum
1911 921 1986 968 tn
2044 895 2349 970 Chemet
2401 892 2607 966 feria
2651 919 2762 966 se·

553 1005 793 1080 cunda
887 1003 1223 1106 proxima
1303 1022 1472 1106 post
1556 1001 1828 1077 festum
1887 1002 2161 1075 Bartini
2219 1002 2582 1098 Martyris
2684 1016 2759 1073 et

557 1110 950 1188 Pontificis.
1010 1113 1232 1185 Anno
1277 1109 1580 1184 Domini
1625 1107 2154 1252 MCDXXXV.
2165 1108 2216 1147 “

638 1247 686 1306 E
726 1229 1076 1306 membrana
1112 1240 1415 1326 originali

1470 1400 1802 1479 CCCLII.

554 1542 736 1595 Iudex
785 1544 1050 1598 ciuitatis
1097 1546 1305 1597 Paron.
1357 1560 1395 1596 a
1442 1543 1662 1596 colonis
1709 1540 2297 1612 hahiepiecopalibm
2331 1543 2399 1595 ίπ
2452 1539 2753 1610 Velkenye

741 1632 1008 1685 tribucum
1042 1635 1198 1705 em‘gi
1222 1646 1391 1685 votae.
1442 1634 1512 1685 A.
1568 1627 1731 1686 1435.

745 1742 1039 1818 Literae
1093 1733 1397 1817 Comitis
1449 1741 1775 1830 -Jacobi,
1834 1739 2117 1816 Judicis
2181 1741 2578 1814 Posonien.
2654 1740 2750 1811 ad

552 1865 982 1924 exactorem
1014 1848 1267 1922 tributi
1309 1850 1383 1921 in
1433 1845 1857 1947 Velkenye‚
1914 1875 2008 1921 ne
2047 1875 2090 1920 a
2123 1846 2421 1920 Colon'is
2470 1843 2751 1921 Archi·

554 1955 1096 2058 episcopalibus
1133 1956 1207 2028 in
1257 1951 1695 2030 Csallokeuz
1742 1954 2112 2029 tributum*
2161 1956 2420 2054 exigat.
2513 1955 2745 2027 Anno

550 2059 1081 2136 MCDXXXV.

637 2185 973 2271 originales
1007 2188 1067 2248 in
1108 2183 1377 2252 Archino
1417 2186 1926 2272 Archiepiscopali
1948 2232 1964 2261 ,
2018 2207 2194 2270 capsa
2233 2187 2313 2246 M.
2354 2206 2468 2246 nro
2509 2187 2571 2243 1.

1449 2349 1830 2431 CCCLIII.

504 2458 515 2467 .
551 2491 891 2543 Laurentius
941 2492 1009 2543 de
1056 2490 1433 2557 Hedervara,
1500 2493 1687 2563 Regni
1747 2492 2079 2563 Hungan‘ae
2135 2487 2330 2544 Palati
2330 2508 2440 2544 nne
2500 2508 2744 2545 ema·

739 2581 1142 2633 Jakemom
1176 2596 1381 2635 contre
1423 2581 1641 2634 Bethor
1641 2582 1729 2635 ἑοε
1761 2600 1966 2651 upon:
1946 2584 2026 2647 ἰε,
2060 2600 2131 2635 ac
2157 2594 2447 2654 prorogas.
2463 2581 2534 2635 A·
2569 2579 2740 2637 14³5

742 2696 1018 2771 Amicis
1074 2699 1224 2771 suis
1263 2694 1729 2772 Reverendis
1783 2662 2129 2800 Capitulo
2166 2697 2536 2772 Ecclesiae
2590 2696 2740 2770 Va-

546 2800 902 2878 radiensis
944 2804 1379 2881 Laurentius
1421 2800 1514 2877 de
1561 2803 1987 2878 Hedervara
2021 2804 2296 2927 Regni
2314 2804 2736 2904 Hungariae

544 2908 909 2983 Palatinus
961 2927 1035 2984 et
1074 2910 1314 2985 Judex
1374 2910 1883 3005 Cumanorum
1947 2911 2342 2985 amicitiam
2399 2927 2735 3013 paratam

547 3041 717 3091 cum
771 3015 1091 3091 honore:
1153 3017 1570 3111 Noveriti8‚
1627 3018 1830 3120 quod
1888 3047 1929 3090 a
1984 3017 2197 3094 vobis
2252 3017 2430 3091 feiia
2513 3021 2734 3091 tertia

545 3125 875 3225 proxima
922 3142 1092 3198 ante
1130 3121 1395 3199 festum
1445 3127 1841 3199 nativitatis
1884 3124 2093 3198 Beati
2130 3122 2439 3198 Joannis
2477 3124 2727 3227 Bapti-

541 3246 694 3305 stae
755 3228 831 3301 in
887 3232 1251 3332 praesenti
1307 3231 1886 3334 congregatione
1958 3231 2304 3305 Generali
2371 3228 2729 3306 Pestienei

541 3358 713 3410 cum
767 3336 1006 3438 Regni
1063 3336 1438 3412 nobilibus
1498 3338 1918 3412 constituti&
1957 3338 2281 3413 ,loannes
2341 3335 2438 3409 de
2485 3336 2718 3412 Kere-

538 3465 722 3544 pecz
770 3468 909 3545 pro
964 3440 1296 3519 Ladislao
1352 3460 1427 3518 et
1473 3442 1772 3518 Andrea
1821 3441 1981 3516 filiis
2032 3441 2343 3516 Ladislai
2381 3442 2592 3519 Jakts
2625 3444 2716 3518 de

545 3547 811 3637 Kusal,
887 3564 963 3623 et
1022 3542 1279 3623 Nobili
1360 3552 1672 3625 Domina
1737 3547 1961 3623 Elena
2022 3565 2281 3624 vocata
2360 3551 2722 3625 consorte

539 3654 1046 3731 Francisconis
1085 3654 1179 3730 de
1213 3652 1560 3730 Thallocz
1605 3682 1778 3731 cum
1825 3655 2361 3731 procuratoriis
2416 3655 2718 3732 Litteris

430 3790 433 3795 ’
542 3760 833 3837 Vestris
870 3778 946 3836 et
1000 3762 1317 3865 Capituli
1360 3761 1728 3837 Ecclesiae
1770 3760 1863 3838 de
1923 3761 2153 3856 Hew,
2211 3778 2542 3839 nostram
2589 3788 2726 3838 ve-

540 3868 749 3941 niens
786 3868 862 3941 in
895 3871 1381 3971 praesentiam
1424 3867 1778 3969 quasdam
1805 3868 2115 3942 Litteras
2153 3866 2530 3973 quondam
2573 3867 2720 3943 Ma-

542 3973 735 4050 thiae
793 3975 887 4048 de
946 3974 1206 4048 Palocz
1279 3977 1617 4051 similiter
1675 3975 1981 4051 Palatini
2063 3976 2720 4069 proclamantia,

541 4082 820 4181 pariter
860 4097 933 4158 et
972 4083 1521 4187 prorogatorias
1556 4081 1799 4161 clause
1843 4078 2219 4159 confectas
2264 4078 2479 4159 nobis
2510 4108 2715 4185 prae-

540 4191 853 4262 sentavit
877 4243 899 4281 ,
955 4188 1233 4264 habens
1271 4189 1469 4264 hunc
1505 4206 1882 4267 tenorem:
1944 4190 2222 4265 Amicis
2263 4194 2414 4267 auia
2457 4192 2711 4267 Reve-
