2926 4849
2102 469 2244 534 501
2368 419 2376 426 ⁵

236 703 245 720 -
336 671 497 755 fim
544 677 927 729 massennes
965 672 1088 723 dire
1153 667 1523 724 vulnerarunt
1545 712 1562 741 ,
1629 683 1892 728 tuocum:
1952 672 2230 727 rescribit.
2295 674 2359 728 A.
2401 721 2408 726 .

366 761 523 818 143³.

370 884 771 990 Magnifice
811 885 1005 979 Viro
1058 885 1380 959 Domino
1422 885 1493 960 N
1503 886 1741 960 icolao
1788 886 1882 963 de
1930 888 2180 976 Gara,
2236 914 2354 964 rc·

157 997 290 1101 gni
322 993 750 1098 Hungariae
791 992 1122 1078 Palatino
1146 1048 1167 1084 ,
1223 1008 1301 1068 et
1332 992 1584 1067 Judici
1628 994 2135 1069 Cumanorum
2160 1049 2183 1088 ,
2214 995 2355 1072 Do·

157 1104 368 1179 mino
402 1118 482 1177 et
517 1103 789 1180 Amico
822 1127 1088 1179 eorum
1141 1096 1582 1175 honorando
1624 1098 2052 1204 Capitulum
2107 1099 2368 1180 Eccle·
2467 1101 2474 1112 ’

162 1210 314 1286 siae
353 1208 829 1299 colocensis,
867 1209 1259 1286 amicitiam
1301 1227 1628 1310 paratam
1670 1233 1842 1283 cum
1865 1203 2170 1288 honore.
2227 1211 2367 1287 Ve-

168 1330 319 1392 stra
352 1318 651 1396 nouerit
682 1314 1264 1420 Magnificentia‚
1321 1310 1531 1415 quod
1560 1319 1754 1389 cu'm›
1779 1343 1912 1390 nos
1952 1318 2160 1392 omni
2197 1341 2370 1393 cum

168 1423 637 1517 reuerentia,
695 1451 841 1528 qua
887 1422 1182 1512 decuit,
1234 1426 1557 1525 receptis
1602 1421 1829 1496 literis
1876 1420 2368 1502 Excellentis-
2407 1481 2414 1494 ,

163 1532 329 1607 simi
380 1528 779 1634 Principis,
840 1530 1146 1605 Domini
1189 1526 1648 1631 Sigismundi
1676 1584 1695 1613 ,
1757 1530 1894 1604 Dci
1936 1533 2176 1633 gratia
2215 1534 2371 1616 Ro·

173 1661 569 1713 manorum
614 1639 837 1740 Regis
878 1662 1152 1739 senper
1187 1638 1550 1739 Augusti,
1592 1627 1680 1712 ac
1718 1634 2185 1737 Hungariae,
2229 1639 2372 1715 Bo·

172 1743 512 1834 homine,
599 1741 1039 1835 Dalmatiae,
1096 1741 1436 1848 Croatiae
1496 1759 1637 1820 etc.
1692 1745 1964 1848 Regis,
2025 1746 2414 1821 annuali-.

169 1850 315 1927 bus
355 1848 720 1929 mediocri
762 1852 1005 1953 sigillo
1036 1874 1175 1926 suo
1210 1850 1695 1951 consignatis,
1776 1879 1915 1954 pro
1968 1851 2370 1932 Conuentu

168 1956 550 2035 Ecclesiae
614 1960 1177 2051 cruciferorum
1221 1955 1317 2032 de
1365 1955 1595 2050 Alba,
1650 1957 1743 2032 ad
1792 1949 2319 2060 inquisitiones
2344 2007 2414 2050 ,‹

170 2065 700 2158 euocationes,
741 2063 1333 2169 prohibitiones,
1383 2082 1454 2138 et
1497 2063 1590 2139 ad
1634 2066 1881 2144 omnia
1934 2065 2118 2158 alia,
2177 2093 2414 2171 quae,
2455 2151 2460 2162 f

171 2169 449 2248 talibus
486 2172 566 2246 in
607 2171 1301 2277 processibusiuxta
1325 2169 1510 2247 dicti
1555 2173 1718 2276 regi
1745 2173 2376 2278 Hungariae-con-

173 2277 647 2357 suetudinem
705 2279 800 2370 de
855 2280 903 2352 J
910 2305 1041 2355 ure
1100 2275 1261 2355 fieri
1309 2296 1907 2373 consueuerant,
1979 2277 2322 2357 facienda
2350 2330 2410 2373 ‚.

174 2382 425 2464 eidem
457 2410 599 2492 per
639 2385 814 2464 anni
852 2382 1218 2465 circulum
1254 2386 1704 2489 generaliter
1731 2385 1917 2477 datis
1949 2404 2027 2464 et
2056 2381 2379 2494 gratiose

174 2494 592 2586 concessis,
645 2495 1015 2599 nobisque
1066 2494 1583 2599 praeceptorie
1620 2490 2100 2589 transmissis,
2173 2498 2380 2574 iuxta

172 2599 609 2679 earumdem
642 2601 1177 2677 continentiam
1213 2628 1353 2675 vna
1386 2624 1560 2679 cum
1600 2603 1933 2707 Georgio
1952 2656 1975 2695 ‚
2004 2601 2160 2680 filio
2205 2604 2380 2683 Bar-

174 2708 612 2800 tholomaei,
685 2706 780 2784 de
840 2707 1399 2785 Wcrkefeldew
1423 2766 1448 2798 ,
1521 2707 1819 2785 bomine
1876 2709 2124 2813 Regio
2181 2712 2380 2789 inter

172 2816 361 2891 alios
396 2813 729 2890 homines
761 2819 1006 2918 regios
1046 2818 1119 2891 in
1165 2815 1384 2893 dictis
1432 2815 1663 2891 literis
1716 2817 2153 2894 annualibus
2190 2842 2373 2895 con-

172 2924 540 3026 scriptos,
596 2921 1070 2999 nominaliter
1102 2946 1504 3026 expresso,
1560 2940 1895 3000 nostrum
1948 2921 2375 3022 homiuem,

180 3027 531 3106 videlicet
573 3026 983 3105 discretum
1032 3031 1269 3105 virum
1295 3080 1318 3119 ,
1395 3027 1796 3105 Dominum
1853 3024 2371 3121 Franciscum,

175 3132 413 3211 Chori
450 3133 871 3237 praedictae
909 3134 1299 3213 Ecclesiae·
1318 3152 1616 3212 nostrae
1660 3129 2248 3226 Praesbiterum‚
2280 3136 2388 3215 ad

172 3240 721 3347 infrascriptam
764 3226 1373 3346 inquisitionem,
1429 3260 1506 3318 et
1544 3241 2059 3333 euocationem
2095 3237 2371 3320 facien·

175 3348 353 3424 dam
373 3404 399 3445 ,
469 3365 734 3426 nostro
782 3375 925 3455 pro
987 3347 1412 3449 testimonio
1462 3351 2107 3428 transmisissemus
2128 3404 2150 3445 ‚
2224 3346 2374 3428 fide

173 3457 517 3561 dignum.
573 3457 721 3547 Qui
775 3455 1073 3533 tandem
1126 3457 1396 3533 exinde
1451 3454 1549 3533 ad
1602 3483 1738 3531 nos
1798 3455 2088 3534 reuersi
2151 3456 2373 3535 nobis

170 3564 651 3640 vniformitcr
692 3556 1147 3641 retulerunt?
1204 3561 1428 3655 Quod
1459 3562 1599 3668 ipsi
1641 3560 1827 3638 feria
1870 3580 2135 3666 quarta
2184 3589 2374 3669 pro·

171 3674 376 3747 xima
408 3688 578 3748 ante
611 3669 888 3747 festum
933 3672 1403 3750 Pentecostes
1451 3671 1788 3776 proxime
1837 3670 2326 3775 praeteritum
2350 3726 2376 3764 ,

175 3779 264 3855 in
302 3779 685 3856 Comitatu
721 3776 1029 3855 Albensi
1066 3777 1280 3857 simul
1319 3774 1803 3882 procedendo
1826 3829 1848 3870 ‚
1904 3775 1999 3852 ab
2030 3775 2412 3861 omnibus·

176 3884 467 3991 quibus
499 3883 775 3962 decens
805 3903 879 3960 et
919 3902 1379 3990 oportunum
1409 3884 1708 3976 fuisset,
1766 3882 2146 3961 nobilibus
2177 3883 2380 3960 vide·

175 3992 367 4069 licet
413 4011 492 4071 et
525 3992 981 4095 ignobilibus
1021 3989 1782 4096 comprouincialibus
1822 3987 2002 4066 dicti
2066 3991 2386 4069 comita-

187 4118 311 4177 tus
339 4097 811 4193 bominibus,
868 4099 1108 4203 palam
1143 4116 1222 4176 et
1257 4099 1550 4181 occulte
1582 4095 1972 4201 diligenter
2010 4098 2388 4204 inquiren-

201 4206 354 4304 do,
391 4201 614 4286 talem
656 4204 751 4281 de
785 4207 1269 4309 infrascriptis
1304 4205 1688 4286 sciuissent
1723 4206 2159 4303 veritatem3
2196 4205 2398 4296 Quo·
2478 4251 2485 4259 ·
