2926 4849
569 401 621 492 ’ἢ
677 428 829 542 sas

572 636 865 714 sincere
905 633 1257 730 dilectos,
1312 626 1865 712 reuerendum
1844 663 1918 708 m
1953 632 2245 712 Christo
2286 636 2575 711 Patrem
2616 635 2768 713 Do-

571 744 853 819 minum
901 744 1309 867 Georgium
1354 739 2010 845 Archiepiscopum
2059 739 2646 847 strigoniensem
2689 758 2770 820 et

457 926 488 942 ,
567 847 1044 954 Magnificum
1086 848 1457 924 Comitem
1494 846 1862 940 Mathius,
1916 847 2261 926 Judicem
2299 849 2572 925 Curiae
2617 876 2770 927 no-

567 971 806 1058 strae,
862 953 1134 1062 quibus
1170 953 1481 1032 eandem
1515 955 1881 1031 Coronam
1919 982 2091 1031 cum
2135 955 2229 1030 ad
2259 981 2338 1034 se
2392 955 2768 1060 pertinen·

570 1061 766 1138 tibus
806 1090 947 1168 per
983 1061 1444 1186 magnificam
1487 1045 1882 1138 Dominam
1917 1064 2286 1158 relictam,
2342 1089 2429 1138 ac
2461 1062 2767 1165 Magni-

568 1163 794 1245 ficum
853 1169 1314 1263 Ladisiaum,
1396 1172 1681 1245 Banum
1763 1166 2414 1262 Machouiensem,
2527 1167 2766 1245 filium

565 1275 797 1379 ipsius
837 1274 1151 1364 condam
1193 1274 1539 1380 Palatini,
1595 1278 1788 1352 serie
1822 1265 2132 1352 aliarum
2171 1276 2552 1353 literarum
2613 1301 2765 1351 no-

508 1459 511 1468 ,
564 1399 885 1459 strat-um
940 1382 1127 1459 tradi
1179 1400 1254 1482 et
1315 1383 1662 1485 assignari
1719 1381 2275 1476 mandauimuS,
2347 1400 2490 1484 pro
2543 1382 2794 1457 nobis

554 1486 889 1582 tamdiu,
944 1516 1176 1594 Vsque
1218 1516 1371 1594 quo
1404 1491 1479 1565 in
1525 1487 1724 1564 dicto
1757 1513 1994 1593 regno
2033 1505 2291 1567 nostro
2331 1489 2764 1589 Hungariae

566 1597 1140 1694 constituemur,
1198 1598 1661 1691 conseruari,
1715 1593 2049 1671 fidelitati
2085 1614 2257 1672 tuae
2298 1597 2766 1674 strictissimo

565 1718 826 1778 nostro
886 1703 1236 1779 mandato
1282 1699 1736 1808 praecipien.
1809 1702 2301 1826 iniungimus,
2393 1721 2763 1806 quatenus

566 1809 802 1912 ipsam
841 1836 1123 1886 sacram
1160 1834 1560 1902 coronam,
1615 1810 1673 1884 si
1710 1807 2024 1897 ibidem,
2080 1799 2210 1883 vbl
2240 1810 2570 1912 reposita
2610 1806 2766 1883 fue-

544 1915 720 2010 ‘·rat‚
778 1935 927 2011 est,
984 1916 1157 1990 alias
1197 1932 1690 2021 transportata
1734 1916 2016 2001 existit,
2091 1941 2264 1992 eum
2323 1915 2418 1989 de
2491 1914 2640 1991 hoc
2684 1934 2770 1992 tu

567 2023 865 2127 plenam
911 2023 1252 2099 notitiam
1287 2020 1594 2115 habeas,
1650 2022 1978 2117 redicas,
2051 2020 2376 2105 reueles,
2446 2038 2523 2096 et
2579 2038 2767 2098 sua-

572 2130 744 2204 deas
801 2128 1201 2243 praedictis
1264 2132 1632 2207 Dominae
1683 2129 2028 2224 relictae,
2104 2147 2181 2206 et
2237 2126 2388 2203 filio
2445 2128 2773 2206 condam

571 2232 922 2331 Palatini,
977 2254 1058 2313 vt
1093 2237 1323 2340 ipsam
1356 2239 1785 2326 Coronam,
1842 2263 2014 2311 cum
2059 2231 2151 2310 ad
2188 2262 2267 2311 se
2312 2235 2770 2339 pertinenti-

572 2345 753 2436 bus,
807 2340 1319 2450 praesentibus
1356 2362 1428 2419 et
1466 2340 1881 2418 videntibus
1924 2342 2100 2443 hys,
2156 2342 2342 2418 sicut
2371 2341 2546 2446 ipsis
2585 2346 2770 2419 scri·

573 2459 893 2558 ptumus,
964 2455 1387 2527 memoratis
1438 2451 1762 2528 Domino
1821 2450 2404 2556 Archiepiscopo
2457 2446 2771 2555 Str-igo-

576 2559 857 2649 niensi,
912 2576 999 2645 et
1023 2557 1297 2634 Comiti
1332 2555 1653 2634 Matbius
1717 2580 1860 2662 pro
1914 2557 2132 2632 nobis
2175 2559 2772 2634 conseruandam

581 2662 902 2740 debeant
944 2663 1238 2739 tradere
1280 2680 1357 2740 et
1394 2668 1850 2769 consignare.
1912 2664 1997 2739 Et
2041 2660 2237 2739 aliud
2290 2666 2367 2738 in
2420 2661 2563 2761 hoe
2618 2690 2767 2769 pro

484 2822 488 2826 Δ
580 2784 834 2848 nosua
864 2771 1134 2875 gratia,
1191 2785 1269 2845 et
1302 2769 1440 2845 sub
1483 2797 1722 2875 poena
1750 2770 2233 2861 infidelitatiS‚
2272 2795 2497 2871 quam
2542 2783 2667 2867 te,
2709 2774 2773 2847 si

578 2876 715 2979 hys
762 2897 1063 2954 contrat
1065 2904 1218 2953 mm
1258 2876 1562 2971 feceris,
1599 2902 1692 2953 eo
1730 2878 1978 2953 facto
1960 2903 2346 2953 mcurrere
2391 2877 2775 2971 volumus,

578 3010 730 3063 non
769 2984 1118 3061 facturus,
1176 2985 1448 3063 Datum
1485 2986 1856 3077 Basileae‚
1915 2983 2032 3060 die
2074 2987 2470 3060 Dominieo
2512 2986 2772 3086 proxi-

574 3117 702 3166 mo
736 3110 906 3167 ante
938 3078 1207 3168 festum
1245 3094 1642 3169 Beatorum
1683 3091 1988 3167 Fabiani
2023 3110 2099 3167 et
2118 3089 2533 3166 sebastiani
2560 3090 2770 3167 Mar·

498 3216 503 3220 ’
578 3190 849 3299 tymim.
947 3202 1172 3299 Anno
1239 3200 1580 3275 Domini·
1599 3199 1989 3276 Millesimo
2034 3197 2772 3301 quadiingentesimo

490 3340 522 3399 J
577 3306 955 3407 trigesimo
994 3324 1286 3412 quarm.
1343 3309 1773 3406 Regnorum
1821 3327 2249 3383 nostrorum
2289 3306 2520 3379 Anno
2543 3303 2771 3381 Hun-

579 3415 823 3515 gariae
863 3428 1003 3487 etc.
1063 3413 1629 3517 quadragesimo
1679 3416 2040 3518 septimo,
2096 3414 2619 3487 Romanorum
2659 3413 2771 3486 vi-

578 3519 857 3622 gesimo
923 3540 1227 3620 quarto,
1302 3521 1691 3595 Bobemiae
1741 3521 2034 3596 decimo
2092 3538 2399 3625 quarte,
2455 3518 2768 3625 Imperii

576 3648 758 3699 vero
801 3627 1064 3728 primo.
1073 3626 1117 3665 ‘
1172 3627 1257 3700 L.
1292 3626 1371 3704 S.
1429 3628 1791 3731 impressi.

660 3737 752 3795 Ex
785 3734 922 3797 coll.
967 3734 1130 3822 Dipl.
1176 3741 1251 3798 G.
1290 3730 1472 3821 sigis.
1519 3734 1750 3799 Lakics.

1467 3852 1874 3933 CCXLIII.

582 3985 732 4039 Idem
754 3981 828 4107 ⁸Si
868 3984 1161 4039 ismundus
1194 3982 1597 4056 privilagialn
1628 3982 1896 4036 Haboni,
1944 3982 2249 4035 orbitatum
2282 3982 2486 4051 Seepm
2530 3977 2608 4032 οὗ
2637 3978 2771 4034 Hi·

750 4056 1023 4185 1122
1012 4072 1214 4127 regma
1249 4057 1314 4111 A.
1367 4057 1667 4126 usmeta
1701 4072 1760 4110 u
1789 4057 1859 4108 A.
1904 4053 2064 4108 1419.
2098 4068 2424 4106 concussu
2443 4054 2770 4109 erm

751 4217 1263 4325 sigismundus
1304 4222 1575 4301 Diuina
1602 4168 1898 4301 fauente
1936 4217 2323 4299 clementia
2367 4220 2746 4300 Romano·-
