2926 4849
2253 530 2354 602 ³1

260 756 578 842 cunque
612 732 933 830 vellent,
987 734 1333 813 manendi
1385 735 1494 813 fas
1547 731 1928 814 haberent.
1985 734 2165 815 Ibid.
2220 737 2457 835 „For—

274 875 447 938 cos,
500 845 700 922 filius
751 842 884 916 Ina
942 843 1291 939 Comitis,
1356 844 1754 945 requisiuit
1806 863 1977 920 ante
2007 844 2456 924 *Ladislaum

280 954 648 1033 Comitem
681 947 1016 1025 de'Bach
1043 1006 1065 1045 ‚
1121 990 1228 1006 —-
1282 949 1688 1054 quosdam,
1745 950 2407 1029 scilicet.A1beum
2433 1010 2454 1047 ,

268 1078 417 1135 eto.
464 1057 723 1137 diceus
754 1057 956 1158 ipsos
985 1082 1157 1133 suos
1205 1055 1982 1151 esse..l·ibertiuos;
2038 1058 2148 1132 illi
2203 1079 2454 1136 autem

264 1165 862 1268 responderunt:
917 1188 995 1237 se
1033 1188 1192 1237 esse
1227 1164 1536 1239 omnino
1588 1163 1899 1239 libertos
1952 1182 2091 1249 etc.
2146 1161 2224 1262 ξ..
2271 1173 2452 1244 354.

262 1273 709 1363 „Joannes5
734 1268 923 1345 filius
950 1269 1395 1361 Absolonis,
1437 1287 1884 1347 contestatus
1922 1288 2033 1347 est
2075 1291 2450 1365 oretenus,

263 1379 483 1477 quod
538 1373 1443 1479 vendidisset-quemdam
1492 1374 2019 1479 fugitiuum
2065 1378 2452 1456 liberti·

262 1513 481 1559 num
514 1511 770 1574 suum,
823 1485 1128 1559 nomine
1168 1480 1436 1559 Sanam
1463 1539 1486 1577 ,
1525 1483 1755 1561 filium
1797 1482 1991 1587 Beg,
2048 1485 2254 1562 fratri
2283 1514 2449 1564 :suo

261 1593 520 1683 Panic,
551 1619 692 1695 pro
733 1615 1002 1681 marca,
1041 1592 1252 1666 vncia
1291 1591 1601 1666 minus.“
1637 1588 1829 1666 Ibid.
1867 1592 1929 1678 §.
1967 1597 2142 1667 354.
2178 1594 2448 1687 „Anno

256 1699 792 1774 lucarnationis
836 1697 1133 1771 Domini
1183 1701 1389 1771 1214
1440 1734 1554 1751 —-
1603 1698 1878 1797 Jacou.
1934 1698 2119 1774 filius
2178 1702 2444 1789 patae,

261 1806 451 1879 emit
491 1834 535 1880 a
595 1802 864 1881 Bodun
912 1803 1198 1881 comite
1245 1804 1539 1909 terti-am
1597 1802 1887 1909 partem
1939 1823 2180 1882 terrae
2233 1805 2444 1880 Salo·-

254 1940 446 1986 mun
498 1953 607 1970 —
661 1950 765 1964 -
819 1908 1016 1985 idem
1060 1911 1281 1984 etiam
1320 1908 1413 1985 ab
1451 1909 1722 1991 eodem
1751 1913 1933 1987 emit
1983 1938 2211 2018 super.
2271 1937 2444 1987 ean-

254 2017 436 2094 dem
481 2026 890 2105 terram—
927 2014 1162 2092 duos
1226 2015 1358 2090 lib
1381 2017 1833 2097 ertinoS.“
1888 2015 2072 2093 Ibid.
2130 2018 2444 2114 „Liber-

253 2146 376 2202 tos
413 2149 546 2201 seu
580 2114 1103 2225 manumissos,
1156 2121 1430 2228 Episco
1491 2149 1573 2198 us
1614 2123 1744 2224 vel'
1772 2118 2080 2222 Comes»,
2115 2122 2315 2202 salua
2356 2123 2442 2200 li-

248 2228 585 2314 bertate.
641 2230 921 2306 habere
960 2234 1379 2329 poterant.“
1495 2286 1512 2305 .
1551 2228 1735 2305 Lad.
1773 2231 1935 2307 Lib.
1994 2242 2060 2309 1.
2101 2260 2186 2312 ca
2245 2284 2262 2303 .
2313 2237 2476 2313 30..

252 2341 322 2428 §.
384 2348 450 2413 1.
509 2339 660 2428 Qui
698 2364 841 2442 pro
872 2335 1105 2413 salute
1142 2337 1554 2412 animarum
1584 2340 2050 2435 manumissi,
2105 2259 2242 2417 soii
2303 2341 2439 2416 Ec·

251 2449 524 2524 etesiae
561 2447 678 2523 vel
717 2445 1137 2521 presbitero
1172 2446 1650 2536 seruietantf‘
1703 2446 1895 2521 Ibid.
1942 2446 2002 2544 5.
2045 2456 2131 2523 2.
2189 2448 2442 2524 Domo

251 2570 596 2630 carentes
632 2583 674 2628 a
716 2551 1092 2627 soluendis
1126 2549 1443 2627 denariis
1482 2551 1884 2630 liberorum
1930 2572 2139 2630 erant
2174 2557 2438 2632 immu-

252 2686 408 2737 nes,
471 2662 649 2736 Dec.
708 2655 864 2733 Col.
922 2657 1005 2732 L.
1059 2664 1110 2733 l.
1143 2657 1321 2760 Cap.
1357 2662 1486 2733 45.
1523 2661 1718 2765 Regi
1759 2661 2158 2737 transeunti
2200 2687 2437 2762 equos

250 2792 565 2862 currus,
623 2793 709 2840 ac
752 2765 1053 2840 seruitia
1095 2782 1510 2866 praestare,
1565 2793 1652 2841 ac
1714 2765 2055 2846 denarios
2111 2788 2437 2872 quatuor

249 2872 585 2978 pendere
621 2871 1004 2973 obligati.“
1060 2870 1247 2946 Ibid.
1303 2872 1485 2976 Cap.
1542 2883 1611 2948 2.
1666 2871 1751 2946 In
1805 2873 2008 2951 furto
2061 2878 2252 2980 capti
2300 2904 2435 2951 su-

262 2982 539 3082 spensi,
578 2983 641 3055 si
680 3004 865 3055 vero
897 2978 990 3053 ad
1025 2976 1421 3055 Ecclesiam
1457 2978 1830 3085 fugerunt,
1872 2988 2219 3076 extracti,
2262 3001 2438 3059 sunt

265 3087 708 3163 excaecati.“
763 3084 955 3160 Ibid.
1010 3083 1175 3162 Lib.
1229 3084 1316 3160 H.
1373 3112 1532 3190 cap.
1566 3098 1662 3163 ·2.
1721 3087 1970 3165 Proles
2017 3114 2278 3166 eorum
2319 3117 2434 3167 su-

259 3220 399 3296 pra
431 3193 879 3270 decennium
917 3192 1263 3269 seruituti
1319 3192 1627 3269 addictis
1671 3193 1857 3270 Ibid.
1914 3195 1979 3282 §.
2036 3200 2105 3270 3.
2163 3196 2247 3270 Si
2288 3225 2431 3270 an·-

252 3326 495 3378 serem
528 3317 606 3376 et
630 3299 975 3402 gallinam
1014 3317 1185 3375 sunt
1223 3299 1446 3375 furati
1469 3356 1493 3395 ,
1548 3305 1975 3400 excoecati‚
2023 3298 2430 3390 damnum-

250 3433 401 3511 que
451 3434 797 3511 reparare
833 3407 1080 3483 iussi.“
1132 3404 1321 3481 Ibid.
1375 3405 1435 3504 §.
1494 3411 1567 3480 4.
1624 3427 1767 3485 etc.

438 3512 785 3589 Seruitus
840 3510 1024 3588 haec
1073 3511 1468 3588 inhumana
1526 3515 1604 3588 in
1670 3533 2119 3620 perpetuum
2181 3510 2429 3593 fuerat

238 3618 572 3697 sublata:
607 3620 976 3723 migrandi
1015 3616 1370 3696 facultate
1409 3646 1549 3723 per
1583 3619 2140 3727 sigismundum
2173 3649 2429 3729 regem

234 3729 535 3803 cunctis
571 3751 924 3803 concessa
966 3724 1196 3803 Anno
1237 3732 1467 3804 1405.
1524 3745 1660 3806 art.
1728 3737 1883 3805 15.·

542 3895 671 3974 IV.
729 3861 1369 4004 Magistratus
1436 3896 2128 3977 comitatuum.

435 4047 921 4124 Comitatibus
968 4049 1169 4141 viros
1187 4079 1232 4123 n
1260 4077 1308 4126 o
1326 4048 1523 4125 bile
1542 4076 1578 4124 s
1613 4075 1654 4122 a
1680 4047 2095 4153 primordio
2119 4076 2252 4152 per
2280 4052 2428 4127 Du·

242 4181 365 4232 oes
404 4182 497 4230 ac
566 4180 807 4274 reges*
830 4155 1261 4276 Hungariae
1327 4152 1751 4262 praefectos
1771 4207 1794 4254 ,
1860 4176 2085 4345 atssue
2131 4158 2347 4234 Com
2369 4162 2426 4233 i·-

243 4280 384 4341 tes
417 4278 891 4369 nuncupatos
925 4262 1199 4358 fuisse,
1253 4287 1483 4369 supra
1531 4262 1869 4360 vidimus·
1995 4290 2224 4346 omen
2277 4263 2450 4342 ho-.
