2926 4849
2126 491 2271 560 ‘141

1252 631 1257 640 ·
1609 668 1624 672 ,
2378 635 2386 664 s

202 685 579 803 goniensis
614 724 703 774 ac
743 696 1176 777 Reuerendi
1215 701 1292 775 in
1327 695 1621 777 Christo
1673 698 1904 775 Patris
1954 690 2042 775 ac
2084 697 2385 776 Domini

203 806 519 882 Domini
567 805 867 882 Henrici
904 805 1265 910 Quinque
1313 804 1799 880 Ecclesiensis
1836 805 2225 910 Episcopi,
2279 807 2382 882 si-

171 926 401 1006 tam,
448 929 524 987 et
554 911 872 987 habitam
910 939 1084 989 cum
1122 911 1473 990 omnibus
1525 910 1959 987 vtilitatibus
2010 927 2089 988 et
2142 914 2386 1016 perti-

204 1018 480 1094 nentiis
516 1018 912 1110 vniuersis,
964 1018 1061 1094 ad
1103 1019 1418 1104 eaodem
1450 1016 2004 1121 spectantibus,
2052 1014 2146 1094 de
2191 1040 2382 1095 con-

204 1150 427 1200 sensu
466 1150 872 1228 puerorum
909 1143 984 1202 et
1023 1151 1338 1204 vxorum
1377 1150 1675 1199 suarum
1713 1147 1800 1198 ac
1840 1125 2172 1201 omnium
2211 1152 2385 1230 pro·

202 1234 583 1308 ximorum
615 1241 916 1308 suorum
941 1286 963 1325 ,
1017 1231 1173 1308 imo
1217 1229 1425 1308 nullo
1489 1231 1784 1333 penitus
1831 1232 2387 1309 contradictore

171 1338 599 1435 ‚obuiantffi
655 1335 1154 1414 vend-iderunt
1197 1357 1273 1416 et
1327 1336 1791 1414 tradiderunt
1827 1341 2383 1442 praenominato

205 1447 540 1522 Domino
578 1443 908 1546 Georgio
943 1445 1536 1549 Archiepiscopo
1573 1443 2068 1545 strigoniensi
2109 1462 2187 1520 et
2247 1473 2383 1547 per

120 1637 147 1643 ’ἢ
204 1579 384 1628 eum
419 1550 783 1628 Ecclesiae
818 1549 1436 1656 Metropolitanae
1479 1554 1556 1626 B.
1595 1549 1978 1628 Adalberti
2013 1552 2384 1630 Pontifici·

204 1675 280 1734 et
321 1658 674 1760 Martyris
712 1659 789 1732 in
836 1667 1074 1734 castro
1115 1656 1636 1760 strigoniensis
1690 1655 2038 1734 fundatae
2054 1683 2086 1750 ,¹
2133 1674 2212 1734 et
2259 1659 2383 1734 lo-

204 1782 454 1858 catae,
506 1763 1209 1867 successoribusque
1244 1791 1418 1841 suae
1461 1767 1965 1855 Paternitatis‚
2036 1761 2381 1842 videlicet

201 1872 473 1947 futuris
504 1868 1093 1975 Archiepiscopis
1109 1922 1145 1964 ‚.
1171 1875 1331 1948 iure
1369 1888 1735 1974 perpetuo
1761 1897 1848 1945 ac
1878 1869 2181 1973 pacifice
2211 1898 2377 1975 pos-

201 1977 583 2053 sidendam
607 2033 629 2072 ,
670 1977 1103 2068 tenendam,
1152 1979 1428 2082 pariter
1463 1995 1539 2053 et
1571 1973 2029 2068 habendam,
2065 2003 2202 2080 pro
2245 1975 2376 2053 flo-

201 2087 401 2161 renis
432 2084 855 2187 quingentis
883 2088 1041 2159 auri
1069 2082 1684 2188 Hungaricalibus
1708 2082 1926 2185 plene
1962 2101 2038 2159 et
2064 2088 2377 2183 integre,

204 2191 584 2296 perceptis
616 2208 691 2268 et
712 2187 1015 2284 habitis,
1047 2187 1088 2265 a
1121 2217 1259 2267 sua
1283 2191 1742 2266 paternitate.
1798 2191 2373 2293 Assumpserunt

202 2295 670 2373 nihilominus
710 2300 1240 2401 praenominati
1271 2297 1589 2372 Thomas
1631 2294 1861 2372 Sutor
1906 2313 1981 2370 et
2018 2295 2374 2380 Zachari—

205 2430 287 2495 as
302 2422 700 2508 mercator,
736 2421 1229 2481 memoratum
1248 2398 2370 2507 Dominum-Archiepiscopum,

204 2512 820 2611 successoresque
871 2536 1049 2586 suae
1112 2511 1603 2603 paternitatis,
1685 2507 2051 2608 videlicet.
2096 2510 2368 2588 Archi-—

206 2620 643 2723 episcopos,
695 2617 794 2691 ab
833 2616 1181 2692 omnibus
1217 2620 1500 2694 ratione
1543 2615 1782 2692 dictae
1815 2616 2119 2707 domus,
2190 2617 2368 2689 vni-

202 2751 588 2801 uersarum
617 2723 1014 2800 vtilitatum
1046 2722 1376 2805 eiusdem
1414 2724 1781 2828 impetere
1814 2724 2220 2798 nitentibus
2242 2719 2371 2797 de·

202 2830 510 2908 fendere
560 2847 639 2907 et
690 2829 1044 2934 expedire
1101 2834 1416 2932 propriis
1472 2831 1807 2934 ipsorum
1858 2828 2243 2904 laboribus
2298 2844 2374 2904 et
2449 2910 2452 2913 ,

205 2941 580 3043 expensis,
632 2935 1035 3013 secundum
1076 2962 1290 3011 vsum
1310 2954 1388 3010 et
1426 2936 2036 3010 consuetudinem
2069 2951 2369 3009 nostrae

206 3043 579 3138 Ciuitatis,
636 3043 740 3118 ab
778 3044 1084 3144 antiquo
1117 3040 1618 3145 approbatam.
1673 3044 1757 3116 In
1802 3042 2167 3117 cuius-rei
2204 3066 2366 3116 me·

205 3155 553 3243 moriam,
608 3148 1181 3250 firmitatemque
1229 3165 1710 3252 perpetuam,
1760 3163 2178 3251 praesentes
2218 3147 2372 3223 lite-

207 3284 377 3351 raS,·
416 3259 634 3360 sigilli
672 3258 905 3332 nostri
947 3255 1349 3331 munimine
1390 3254 1776 3330 roboratas
1819 3252 2162 3329 duximus
2194 3278 2372 3329 con·
2489 3340 2496 3349 ⁴

208 3362 573 3440 cedendas
596 3421 616 3447 .
672 3362 1188 3467 promittentes
1220 3358 1796 3465 priuilegialibus
1839 3362 2108 3436 nostris
2144 3357 2371 3435 literis

205 3473 687 3564 confirmare,
742 3468 919 3546 dum
977 3464 1287 3545 eaedem
1334 3465 1550 3542 nobis
1602 3466 1900 3541 fuerint.
1927 3482 2368 3570 reportatae.
2395 3506 2412 3521 ν

202 3578 473 3654 Datum
541 3577 619 3652 in
680 3578 1006 3652 crastino
1061 3574 1226 3650 festi
1285 3570 1408 3646 B.·
1460 3569 1846 3648 Michaelis
1912 3571 2370 3676 Archangeli.

201 3672 427 3778 Anno
466 3683 770 3759 Domini
800 3679 1196 3758 Millesimo
1229 3676 1958 3785 quadringentesimo
1995 3680 2372 3783 trigesimo

206 3789 548 3890 quinto.“
604 3785 694 3862 L.
753 3786 836 3864 S.

230 3912 244 3969 ·.
290 3934 382 3995 ax
405 3918 835 4027 ιειιιοςηριιο
878 3924 1111 3993 nobaia
1152 3928 1530 3993 primam
