2926 4849
805 523 954 594 866

694 750 769 812 et
802 732 1206 808 offensione
1246 730 1492 830 aliqua
1527 722 2144 832 procedentibus,
2200 730 2354 832 ipse
2391 726 2631 802 Paulus
2665 725 2773 797 Ha·

689 842 919 946 gister
956 838 1386 940 Agazonum
1429 850 1855 912 nostrorum
1899 832 2175 939 vbique
2216 834 2587 910 nobiscum
2621 829 2773 935 pmfi·

691 941 1039 1023 ciscendo
1067 997 1087 1033 ,
1147 943 1509 1046 laterique
1549 960 1802 1020 nostro
1843 945 2111 1045 iugiter
2144 940 2637 1031 adhaerendo,
2677 954 2771 1011 tam

691 1070 951 1129 contra
987 1054 1311 1156 ipsorum
1347 1066 1767 1125 nostrorum
1807 1044 2192 1124 rebellium
2219 1102 2243 1139 ,
2282 1066 2353 1122 et
2388 1048 2669 1124 hostium
2702 1046 2770 1116 in·

685 1159 962 1247 sultus‚
999 1184 1077 1232 se
1116 1156 1331 1229 variis
1370 1172 1446 1229 et
1483 1152 2007 1259 multiplicibus
2044 1156 2343 1230 fortune
2373 1154 2660 1242 casibus,
2685 1172 2771 1254 pro

683 1269 917 1341 nostri
955 1262 1257 1339 honoris
1294 1261 1739 1338 exaltatione
1771 1319 1793 1357 ‚
1846 1263 2128 1363 absque
2185 1278 2393 1337 metu
2452 1263 2573 1338 leti
2622 1283 2771 1359 expo·

677 1398 862 1447 nere
904 1398 1054 1446 non
1096 1366 1526 1460 formidans,
1572 1395 1795 1472 quam
1835 1370 2052 1444 etiam
2079 1370 2154 1441 in
2198 1366 2357 1442 aliis
2391 1367 2766 1443 securitatem

684 1479 917 1553 nostri
980 1475 1262 1550 itineris
1325 1474 1941 1550 concernentibus
1965 1532 1985 1568 ‚
2074 1474 2493 1550 celsitudini
2562 1490 2761 1547 nostrae

680 1580 1063 1690 placibiles
1103 1580 1465 1685 impendit
1498 1581 1905 1656 famulatus
1971 1581 2285 1657 Demum
2334 1608 2517 1657 vero
2555 1579 2633 1653 ab
2675 1578 2767 1681 ips·

681 1684 930 1765 nostra
971 1688 1330 1792 imperiali
1351 1687 1651 1762 ciuitate
1691 1686 2059 1763 Senarum
2099 1687 2309 1763 nobis
2349 1686 2770 1794 personaliter.

681 1794 1015 1869 Domino
1060 1794 1570 1880 conducente,
1626 1788 1882 1895 vrbem
1928 1796 2336 1869 Romanam
2378 1790 2768 1879 adeuntibus,

682 1903 1125 2003 tertiamque
1163 1896 1345 1974 inibi
1392 1918 1469 1974 et
1504 1899 1831 1974 vltimam
1866 1927 2218 1975 coronam
2256 1929 2391 1976 seu
2426 1896 2661 1974 infulas
2684 1900 2771 1967 im·
2828 1886 2829 1893 '

683 2004 994 2114 periales
1035 2007 1127 2080 de
1167 2002 1505 2081 manibus
1544 2004 1981 2082 sanctissimi
2023 2005 2324 2083 Domini
2376 2006 2635 2093 nostri,
2679 1998 2769 2073 Do·

676 2117 859 2191 mini
896 2112 1198 2215 Eugenii
1251 2112 1484 2215 Papae
1534 2115 1781 2216 quarti
1834 2118 2202 2189 consuetis
2258 2106 2768 2189 cerimonialibus

678 2218 1338 2298 solemnitatatibus
1382 2217 1844 2296 laudabiliter
1888 2238 1963 2294 et
2011 2218 2424 2296 honorifice
2482 2210 2767 2322 praehabi-

681 2330 772 2406 tis
807 2324 1405 2432 suscipientibus‚
1465 2326 1590 2400 vbi
1627 2345 1704 2402 et
1739 2325 2059 2402 eundem
2097 2327 2401 2402 Paulum
2431 2326 2763 2429 Magistrum

682 2439 1116 2540 Agazonum
1171 2451 1602 2510 nostrorum
1661 2460 1888 2509 aureo
1934 2434 2389 2512 accinximus
2436 2430 2684 2535 cingulo
2721 2439 2762 2495 et

683 2540 971 2618 honore
1015 2540 1527 2616 decorauimus
1568 2539 1905 2633 militari,
1978 2543 2139 2642 ipse
2190 2539 2463 2619 Paulus
2523 2537 2762 2638 Magister

687 2651 1126 2748 Agaronum
1164 2666 1583 2721 nostrorum
1622 2673 1918 2750 semper
1954 2659 2031 2721 et
2070 2645 2347 2752 vbique
2390 2654 2577 2725 iuxta
2603 2654 2763 2717 nosn'e

685 2750 1088 2850 Maiestatis
1137 2747 1429 2826 libitum
1469 2770 1669 2853 grata
1711 2771 1789 2826 et
1831 2749 2247 2829 fidelissima
2286 2755 2587 2832 seruicia
2627 2731 2758 2822 nobis

692 2860 981 2938 curauit
1017 2845 1389 2934 exhibere.
1425 2855 1662 2935 Porro
1701 2861 2056 2964 susceptis
2095 2860 2420 2965 gloriose
2453 2844 2761 2936 huiusmodi
2826 2849 2827 2860 ’

696 2969 917 3044 sacris
969 2967 1304 3058 coronis,
1378 2991 1506 3041 seu
1557 2963 1809 3042 infulis
1857 2969 2126 3043 nostris
2157 2966 2670 3073 imperialibus,
2707 2949 2761 3023 de

696 3073 907 3149 dictis
942 3065 1188 3147 ltaliae
1229 3074 1562 3176 partibus
1596 3073 1689 3148 ad
1730 3074 2107 3149 ciuitatem
2141 3092 2473 3152 nostram
2519 3065 2761 3148 Basilien‘

697 3205 898 3274 sem,
952 3175 1080 3254 vbi
1117 3205 1410 3254 sacrum
1462 3178 1805 3284 generale
1868 3182 2265 3256 concilium
2320 3186 2401 3258 in
2461 3171 2689 3284 Spiritu
2714 3151 2759 3233 S·

696 3285 1020 3390 legitime
1055 3304 1580 3390 congregatum
1619 3283 2169 3376 celebrabatur,
2226 3288 2450 3366 nobis
2480 3279 2762 3361 aduenien-

700 3394 945 3489 tibus,
977 3409 1051 3467 et
1095 3390 1361 3468 deinde
1401 3391 1491 3467 ad
1533 3387 1906 3499 peculiare
1935 3423 2243 3500 regnum
2285 3415 2596 3472 nostrum
2628 3383 2757 3460 Ηῦῦ·

699 3501 940 3602 gariae
964 3556 986 3592 ‚
1021 3501 1315 3604 auspice
1354 3503 1521 3576 Deo
1555 3499 1867 3575 feliciter
1906 3520 1984 3578 et
2012 3497 2261 3581 votiue
2295 3488 2748 3579 remeanntilffl‘ae

700 3617 776 3683 et
820 3606 913 3682 ab
944 3605 1150 3681 illinc
1195 3605 1530 3698 tandem,
1586 3606 2030 3684 arduissimis
2072 3614 2304 3687 causis
2353 3639 2487 3716 per
2518 3630 2625 3680 nos
2651 3614 2748 3700 per·

669 3712 1132 3821 'urgentibus
1163 3769 1184 3807 ,
1239 3709 1330 3786 ad
1363 3711 1506 3788 hoc
1561 3739 1868 3816 regnum
1925 3736 2260 3793 nostrum
2313 3713 2655 3798 Bohemiae
2683 3699 2751 3770 in·

698 3819 1240 3923 gredientibus,
1296 3819 1417 3893 vbi
1455 3816 1791 3895 haereses
1825 3827 2048 3927 atque
2096 3823 2494 3915 scismata,
2544 3826 2753 3919 qu³e¹¹¹

699 3927 959 4003 eodem
999 3952 1230 4029 regno
1266 3945 1521 4003 nostro
1557 3957 1599 4001 a
1640 3927 1862 4031 longo
1898 3936 2235 4032 tempore
2262 3990 2285 4027 ‚
2324 3919 2396 4006 in
2434 3913 2751 4027 despectum

698 4035 917 4111 totius
953 4028 1400 4111 Christianae
1435 4032 1833 4138 religionis,
1878 4036 2353 4140 pullularunt,
2410 4036 2753 4112 fauentem>
2820 4043 2821 4082 ἒ

583 4155 586 4156 ’
697 4137 810 4214 bis
839 4141 1162 4215 altissimi
1193 4143 1459 4241 gratia,
1499 4144 2083 4245 'extirpauimus,
2117 4161 2192 4220 et
2226 4137 2617 4248 multiplicia
2643 4121 2749 4238 aliq
2819 4085 2821 4236 i

696 4269 856 4322 rum
907 4247 1264 4322 malorum
1313 4253 1580 4350 genera
1616 4277 1756 4354 pro
1833 4270 2011 4328 voto
2072 4269 2365 4331 nostrae
2407 4230 2748 4328 celsitudinss
