2926 4849
2128 389 2279 518 fisi

184 648 551 751 'ligentia,
630 669 709 730 vt
755 657 830 729 in
880 669 1149 730 aestate
1202 657 1619 759 praesenti,
1689 668 2027 757 tempore
2085 651 2391 753 debito,

202 756 569 835 ‘aduersus
611 760 851 838 dictos
892 761 1319 855 haereticos,
1375 780 1452 839 et
1488 764 1546 836 si
1591 785 1886 836 necesse
1934 753 2180 856 fuerit,
2215 761 2411 837 con·>¹

221 879 328 938 tra
363 865 644 944 'I'urcos
666 923 686 960 ,
742 884 819 943 et
847 866 1032 944 alios
1059 870 1392 946 aemulos
1414 924 1437 964 ,
1493 894 1635 942 vna
1669 893 1835 941 cum
1878 867 2155 943 eisdem
2189 893 2385 972 pro·

219 967 476 1047 cedere
521 975 852 1067 valeant,
907 994 982 1052 et
1014 1001 1192 1067 nos,
1248 990 1475 1079 prout
1512 972 1843 1068 Domino
1884 972 2071 1050 duce
2109 976 2179 1048 in
2206 971 2383 1052 bre·

215 1076 291 1150 ui
320 1082 865 1183 proposuimus,
920 1106 1093 1157 cum
1141 1083 1424 1162 auxiliis
1458 1079 1884 1164 earumdem
1921 1084 2250 1182 gentium
2286 1078 2382 1157 ad

213 1180 783 1262 destructionem
835 1186 1204 1265 dictorum
1245 1186 1790 1264 haereticorum
1847 1203 1922 1261 et
1960 1181 2383 1268 Tarcoruin

211 1293 481 1392 promti
535 1318 693 1369 esse
754 1293 1172 1389 valeamus;
1230 1294 1708 1399 prouidentes
1743 1309 2058 1389 tamen,
2110 1310 2188 1368 vt
2222 1293 2378 1397 ,ipsi

206 1420 333 1498 per
365 1423 498 1478 vos
531 1397 908 1503 deputati,
966 1400 1380 1506 praedictas
1422 1400 1894 1476 collectiones
1946 1426 2171 1504 super
2211 1400 2377 1476 sin·-

205 1501 385 1602 gulis
421 1508 768 1609 expensis
803 1533 946 1611 per
980 1534 1111 1583 eos
1155 1505 1455 1601 fiendis,
1511 1531 1661 1581 non
1703 1507 2073 1596 minuant,
2127 1530 2378 1610 neque

203 1628 508 1706 grauent
545 1638 711 1707 eos,
768 1641 810 1688 a
851 1613 1119 1715 quibus
1160 1632 1379 1691 erunt
1422 1612 1840 1713 exigendae.
1926 1613 2011 1687 In
2059 1638 2376 1715 genera·
2455 1679 2458 1684 .

202 1712 301 1789 les
348 1735 600 1792 autem
649 1736 726 1797 et
768 1721 1211 1824 principales
1265 1721 1694 1824 Capitaneos
1746 1721 2080 1795 omnium
2119 1719 2370 1821 genti·

199 1842 316 1895 um
373 1840 647 1900 contra
695 1826 893 1929 ipsos
956 1828 1284 1902 Hussitas
1349 1827 1813 1901 exercituare
1889 1823 2360 1917 debentium,

196 1931 703 2007 constituimus
738 1950 813 2008 et
868 1929 1358 2036 praefecimus
1408 1931 1658 2007 fideles
1696 1950 2026 2024 nostrOS,
2083 1929 2369 2031 Magni·

193 2027 380 2128 ficos,
443 2037 757 2114 Petrum
798 2039 854 2112 C
860 2038 1045 2114 bech
1077 2039 1170 2112 de
1202 2039 1452 2129 Lewa‚
1509 2039 1679 2113 alias
1712 2038 1993 2114 Banum
2029 2055 2368 2114 nostrum

192 2136 521 2244 Machov.
597 2161 673 2219 et
717 2143 1136 2222 Stiborium
1207 2142 1301 2221 de
1356 2142 1837 2240 Bolondocb,
1893 2139 2167 2244 quihus
2221 2168 2366 2243 pro
2453 2241 2458 2246 .

190 2248 624 2325 eorumdem
671 2251 1048 2336 Banderiis
1106 2268 1181 2327 et
1244 2251 1587 2351 gentibus
1653 2250 2058 2328 secundum
2111 2250 2366 2327 mode·

187 2356 549 2439 rationem
607 2355 1154 2449 Praelatorum‚
1234 2359 1626 2461 Beronum*
1684 2376 1760 2434 et
1814 2356 2364 2458 regnicolarum

185 2477 621 2541 nostrorum
665 2463 758 2539 de
802 2467 1188 2569 praetactis
1246 2467 1583 2568 pecuniis
1630 2483 1706 2543 et
1757 2464 2361 2566 impositionibus

183 2566 268 2639 ab
303 2568 830 2647 Ecclesiasticis
871 2590 947 2648 et
982 2571 1509 2647 Saecularibus
1553 2569 1896 2674 exigendi
1932 2570 2361 2673 dispositio-

180 2696 343 2750 nem
382 2696 459 2755 et
500 2676 951 2754 solutionem
991 2677 1155 2755 fieri
1185 2678 1526 2753 volumus
1564 2696 2164 2779 competentem,
2216 2675 2360 2753 sub

168 2782 506 2881 quorum
579 2782 1060 2887 Capitaneatu
1142 2780 1496 2860 aduersus
1572 2784 1813 2860 dictos
1900 2781 2356 2881 haereticos»,
2387 2806 2404 2835 ³

179 2890 461 2987 quoties
510 2891 913 2994 expediens
947 2889 1198 2980 fuerit,
1253 2889 1692 2994 procedere,
1748 2907 1825 2965 et
1855 2915 2119 2967 eorum
2156 2914 2357 2965 com-

177 2994 655 3072 missionibus
726 3015 803 3073 et
872 2993 1470 3097 dispositionibus
1546 2995 1856 3071 obedire
1932 2980 2376 3072 teneantur?

181 3099 533 3178 Ceterum
575 3127 749 3177 cum
788 3129 886 3180 ex
923 3104 1157 3178 causis
1208 3102 1536 3175 animum
1573 3109 1909 3178 nostrum
1945 3098 2354 3189 inducenti-

172 3198 342 3300 bus,
394 3210 925 3309 sigillamstra
959 3233 1186 3314 penes
1238 3208 1697 3283 Maiestatem
1742 3223 2077 3282 nostram
2108 3233 2350 3285 reser-

173 3314 399 3389 uanda
460 3314 856 3410 duximus,
933 3315 1261 3393 fidelitati
1313 3313 1673 3408 Vestrae,
1749 3330 1824 3390 et
1873 3314 2184 3391 cuilibet
2229 3339 2353 3391 ve·

172 3433 401 3497 strum-
450 3418 866 3509 firmissi'me
904 3422 1385 3516 mandamus,
1438 3440 1802 3526 quatenus
1851 3425 2224 3498 vniuersas
2277 3434 2356 3498 et

171 3525 480 3629 singulas
541 3529 808 3631 literas.
839 3550 1129 3607 nostras
1178 3529 1786 3632 praeceptorias,
1834 3531 2148 3602 nomine*
2195 3553 2349 3602 no·-

168 3645 320 3706 stro
363 3636 735 3739 imperiali
768 3655 845 3713 et
879 3636 1112 3741 regali
1152 3634 1622 3730 scribendas,
1668 3635 2056 3738 sigilloque
2100 3636 2351 3710 Reue-

166 3740 580 3816 rendissimi
633 3747 733 3818 in,
764 3742 1059 3820 Christo
1116 3742 1383 3833 Patris,
1438 3743 1742 3818 Domini
1803 3743 2143 3843 Georgii,
2198 3742 2352 3825 Ar-

166 3839 619 3950 ahiepiscopi
675 3848 1171 3954 strigonien..
1229 3847 1506 3921 vicarii
1551 3866 1845 3943 nostrae
1901 3838 2345 3934 Maiestatis,

173 3951 292 4024 cui
349 3952 444 4027 ad
492 3955 568 4031 id
620 3953 1047 4034 faciendum
1106 3979 1286 4027 cum
1334 3953 1555 4056 plena
1606 3973 1856 4029 nostra
1907 3952 2345 4030 authoritate

172 4058 591 4136 mandatum
625 4064 958 4140 dedimus
991 4059 1339 4165 speciale,
1379 4060 1933 4162 consignandas,
1990 4076 2348 4160 tanquam

176 4168 487 4270 proprio
544 4186 803 4249 nostro
852 4169 1234 4276 sigillatas,
1290 4166 1790 4247 omnimodam
1843 4165 2348 4247 obedientiam
