<?xml version="1.0" encoding="UTF-8"?>
<!DOCTYPE html PUBLIC "-//W3C//DTD XHTML 1.0 Transitional//EN"
    "http://www.w3.org/TR/xhtml1/DTD/xhtml1-transitional.dtd">
<html xmlns="http://www.w3.org/1999/xhtml" xml:lang="en" lang="en">
 <head>
  <title>
</title>
<meta http-equiv="Content-Type" content="text/html;charset=utf-8" />
  <meta name='ocr-system' content='tesseract 3.04.00' />
  <meta name='ocr-capabilities' content='ocr_page ocr_carea ocr_par ocr_line ocrx_word'/>
</head>
<body>
  <div class='ocr_page' id='page_1' title='image "./codexdiplomatic00fejgoog_0710.png"; bbox 0 0 2926 4849; ppageno 0'>
   <div class='ocr_carea' id='block_1_1' title="bbox 629 429 791 504">
    <p class='ocr_par' dir='ltr' id='par_1_1' title="bbox 629 429 791 504">
     <span class='ocr_line' id='line_1_1' title="bbox 629 429 791 504; baseline 0 0"><span class='ocrx_word' id='word_1_1' title='bbox 629 429 791 504; x_wconf 72' lang='lat'>688‘</span> 
     </span>
    </p>
   </div>
   <div class='ocr_carea' id='block_1_2' title="bbox 413 619 2722 958">
    <p class='ocr_par' dir='ltr' id='par_1_2' title="bbox 413 619 2722 958">
     <span class='ocr_line' id='line_1_2' title="bbox 522 619 2720 743; baseline -0.005 -23"><span class='ocrx_word' id='word_1_2' title='bbox 522 643 752 720; x_wconf 67' lang='lat' dir='ltr'>neon-i</span> <span class='ocrx_word' id='word_1_3' title='bbox 798 637 1117 731; x_wconf 79' lang='lat' dir='ltr'>carnali,</span> <span class='ocrx_word' id='word_1_4' title='bbox 1172 666 1370 716; x_wconf 34' lang='lat' dir='ltr'>cum-v</span> <span class='ocrx_word' id='word_1_5' title='bbox 1404 655 1941 743; x_wconf 77' lang='lat' dir='ltr'>ptocuratorys</span> <span class='ocrx_word' id='word_1_6' title='bbox 1987 619 2217 712; x_wconf 85' lang='lat' dir='ltr'>literis</span> <span class='ocrx_word' id='word_1_7' title='bbox 2269 639 2541 709; x_wconf 87' lang='lat' dir='ltr'>nostris</span> <span class='ocrx_word' id='word_1_8' title='bbox 2583 637 2720 711; x_wconf 87' lang='lat' dir='ltr'>ini-</span> 
     </span>
     <span class='ocr_line' id='line_1_3' title="bbox 524 740 2720 852; baseline -0.003 -28"><span class='ocrx_word' id='word_1_9' title='bbox 524 749 599 824; x_wconf 79' lang='lat' dir='ltr'>bi</span> <span class='ocrx_word' id='word_1_10' title='bbox 630 749 1093 839; x_wconf 83' lang='lat' dir='ltr'>constitutis,</span> <span class='ocrx_word' id='word_1_11' title='bbox 1148 763 1226 820; x_wconf 84' lang='lat' dir='ltr'>et</span> <span class='ocrx_word' id='word_1_12' title='bbox 1260 748 1441 852; x_wconf 80' lang='lat' dir='ltr'>ipsis</span> <span class='ocrx_word' id='word_1_13' title='bbox 1487 743 2036 849; x_wconf 75' lang='lat' dir='ltr'>praesentibus,</span> <span class='ocrx_word' id='word_1_14' title='bbox 2087 771 2178 820; x_wconf 90' lang='lat' dir='ltr'>ac</span> <span class='ocrx_word' id='word_1_15' title='bbox 2208 740 2349 817; x_wconf 90' lang='lat' dir='ltr'>sibi</span> <span class='ocrx_word' id='word_1_16' title='bbox 2390 742 2720 818; x_wconf 88' lang='lat' dir='ltr'>inuicem</span> 
     </span>
     <span class='ocr_line' id='line_1_4' title="bbox 413 847 2722 958; baseline -0.005 -25"><span class='ocrx_word' id='word_1_17' title='bbox 413 940 417 946; x_wconf 52' lang='grc'><strong>,</strong></span> <span class='ocrx_word' id='word_1_18' title='bbox 520 856 597 932; x_wconf 85' lang='lat' dir='ltr'>in</span> <span class='ocrx_word' id='word_1_19' title='bbox 658 851 1110 958; x_wconf 79' lang='lat' dir='ltr'>infrasciptis</span> <span class='ocrx_word' id='word_1_20' title='bbox 1194 854 1782 957; x_wconf 65' lang='lat' dir='ltr'>possessionen-iis</span> <span class='ocrx_word' id='word_1_21' title='bbox 1859 847 2574 926; x_wconf 71' lang='lat' dir='ltr'>reambulationibus</span> <span class='ocrx_word' id='word_1_22' title='bbox 2643 866 2722 925; x_wconf 90' lang='lat' dir='ltr'>et</span> 
     </span>
    </p>
   </div>
   <div class='ocr_carea' id='block_1_3' title="bbox 393 957 2725 1060">
    <p class='ocr_par' dir='ltr' id='par_1_3' title="bbox 393 957 2725 1060">
     <span class='ocr_line' id='line_1_5' title="bbox 393 957 2725 1060; baseline -0 -26"><span class='ocrx_word' id='word_1_23' title='bbox 393 1010 409 1034; x_wconf 87' lang='lat'><strong>.</strong></span> <span class='ocrx_word' id='word_1_24' title='bbox 519 969 888 1037; x_wconf 72' lang='lat' dir='ltr'>metarum</span> <span class='ocrx_word' id='word_1_25' title='bbox 934 959 1446 1036; x_wconf 73' lang='lat' dir='ltr'>erectionibus</span> <span class='ocrx_word' id='word_1_26' title='bbox 1500 957 1952 1036; x_wconf 83' lang='lat' dir='ltr'>beneuolum</span> <span class='ocrx_word' id='word_1_27' title='bbox 2009 982 2463 1032; x_wconf 87' lang='lat' dir='ltr'>consensum</span> <span class='ocrx_word' id='word_1_28' title='bbox 2505 983 2725 1060; x_wconf 83' lang='lat' dir='ltr'>prae·</span> 
     </span>
    </p>
   </div>
   <div class='ocr_carea' id='block_1_4' title="bbox 469 1065 2762 1388">
    <p class='ocr_par' dir='ltr' id='par_1_4' title="bbox 469 1065 2762 1388">
     <span class='ocr_line' id='line_1_6' title="bbox 521 1065 2729 1171; baseline -0.005 -24"><span class='ocrx_word' id='word_1_29' title='bbox 521 1066 819 1159; x_wconf 65' lang='lat' dir='ltr'>tendo,</span> <span class='ocrx_word' id='word_1_30' title='bbox 871 1087 950 1142; x_wconf 83' lang='lat' dir='ltr'>et</span> <span class='ocrx_word' id='word_1_31' title='bbox 984 1092 1399 1163; x_wconf 77' lang='lat' dir='ltr'><strong>assensum,</strong></span> <span class='ocrx_word' id='word_1_32' title='bbox 1455 1068 1968 1161; x_wconf 75' lang='lat' dir='ltr'>accessissent,</span> <span class='ocrx_word' id='word_1_33' title='bbox 1999 1089 2086 1140; x_wconf 86' lang='lat' dir='ltr'>ac</span> <span class='ocrx_word' id='word_1_34' title='bbox 2125 1065 2373 1171; x_wconf 86' lang='lat' dir='ltr'>primo</span> <span class='ocrx_word' id='word_1_35' title='bbox 2406 1082 2481 1139; x_wconf 89' lang='lat' dir='ltr'>et</span> <span class='ocrx_word' id='word_1_36' title='bbox 2517 1066 2729 1169; x_wconf 87' lang='lat' dir='ltr'>prin-</span> 
     </span>
     <span class='ocr_line' id='line_1_7' title="bbox 469 1169 2729 1281; baseline -0.002 -30"><span class='ocrx_word' id='word_1_37' title='bbox 469 1171 474 1178; x_wconf 80' lang='grc'><strong>’</strong></span> <span class='ocrx_word' id='word_1_38' title='bbox 512 1174 867 1278; x_wconf 78' lang='lat' dir='ltr'>&#39;cipaliter</span> <span class='ocrx_word' id='word_1_39' title='bbox 903 1187 1134 1251; x_wconf 86' lang='lat' dir='ltr'>metas</span> <span class='ocrx_word' id='word_1_40' title='bbox 1178 1171 1420 1251; x_wconf 82' lang='lat' dir='ltr'>dictae</span> <span class='ocrx_word' id='word_1_41' title='bbox 1447 1173 1931 1281; x_wconf 79' lang='lat' dir='ltr'>possessionis</span> <span class='ocrx_word' id='word_1_42' title='bbox 1976 1170 2258 1248; x_wconf 85' lang='lat' dir='ltr'>Cheten</span> <span class='ocrx_word' id='word_1_43' title='bbox 2281 1226 2302 1264; x_wconf 95' lang='lat'>,</span> <span class='ocrx_word' id='word_1_44' title='bbox 2356 1169 2535 1245; x_wconf 85' lang='lat' dir='ltr'>alias</span> <span class='ocrx_word' id='word_1_45' title='bbox 2575 1187 2729 1247; x_wconf 85' lang='lat' dir='ltr'>tres</span> 
     </span>
     <span class='ocr_line' id='line_1_8' title="bbox 524 1275 2762 1388; baseline -0.002 -31"><span class='ocrx_word' id='word_1_46' title='bbox 524 1282 1023 1388; x_wconf 62' lang='lat' dir='ltr'>possessiones.</span> <span class='ocrx_word' id='word_1_47' title='bbox 1070 1278 1457 1372; x_wconf 79' lang='lat' dir='ltr'>Nobilium</span> <span class='ocrx_word' id='word_1_48' title='bbox 1501 1277 2256 1385; x_wconf 85' lang='lat' dir='ltr'>Arcbiepiscopalium</span> <span class='ocrx_word' id='word_1_49' title='bbox 2302 1277 2378 1366; x_wconf 79' lang='lat' dir='ltr'>in</span> <span class='ocrx_word' id='word_1_50' title='bbox 2439 1275 2589 1353; x_wconf 82' lang='lat' dir='ltr'>line</span> <span class='ocrx_word' id='word_1_51' title='bbox 2647 1306 2762 1352; x_wconf 42' lang='lat' dir='ltr'>cm</span> 
     </span>
    </p>
   </div>
   <div class='ocr_carea' id='block_1_5' title="bbox 405 1381 2729 1494">
    <p class='ocr_par' dir='ltr' id='par_1_5' title="bbox 405 1381 2729 1494">
     <span class='ocr_line' id='line_1_9' title="bbox 405 1381 2729 1494; baseline -0.003 -27"><span class='ocrx_word' id='word_1_52' title='bbox 405 1432 413 1438; x_wconf 81' lang='lat'><em>-</em></span> <span class='ocrx_word' id='word_1_53' title='bbox 524 1386 812 1467; x_wconf 79' lang='lat' dir='ltr'>iusdem</span> <span class='ocrx_word' id='word_1_54' title='bbox 851 1387 1336 1494; x_wconf 71' lang='lat' dir='ltr'>possessionis</span> <span class='ocrx_word' id='word_1_55' title='bbox 1377 1388 1708 1482; x_wconf 85' lang='lat' dir='ltr'>Cbcten,</span> <span class='ocrx_word' id='word_1_56' title='bbox 1762 1387 2181 1462; x_wconf 87' lang='lat' dir='ltr'>adiacentes</span> <span class='ocrx_word' id='word_1_57' title='bbox 2212 1381 2677 1460; x_wconf 86' lang='lat' dir='ltr'>includendo</span> <span class='ocrx_word' id='word_1_58' title='bbox 2705 1437 2729 1473; x_wconf 91' lang='lat'>,</span> 
     </span>
    </p>
   </div>
   <div class='ocr_carea' id='block_1_6' title="bbox 392 1488 2808 4061">
    <p class='ocr_par' dir='ltr' id='par_1_6' title="bbox 392 1488 2808 2882">
     <span class='ocr_line' id='line_1_10' title="bbox 392 1488 2746 1601; baseline -0.004 -26"><span class='ocrx_word' id='word_1_59' title='bbox 392 1555 403 1568; x_wconf 83' lang='lat'>.</span> <span class='ocrx_word' id='word_1_60' title='bbox 524 1517 567 1574; x_wconf 80' lang='lat' dir='ltr'>a</span> <span class='ocrx_word' id='word_1_61' title='bbox 604 1496 946 1600; x_wconf 70' lang='lat' dir='ltr'>partibus</span> <span class='ocrx_word' id='word_1_62' title='bbox 981 1495 1532 1601; x_wconf 84' lang='lat' dir='ltr'>possessionum</span> <span class='ocrx_word' id='word_1_63' title='bbox 1569 1495 1751 1571; x_wconf 87' lang='lat' dir='ltr'>dicti</span> <span class='ocrx_word' id='word_1_64' title='bbox 1778 1493 2109 1598; x_wconf 77' lang='lat' dir='ltr'>Magistri</span> <span class='ocrx_word' id='word_1_65' title='bbox 2141 1491 2518 1597; x_wconf 83' lang='lat' dir='ltr'>Stephani,</span> <span class='ocrx_word' id='word_1_66' title='bbox 2562 1488 2746 1592; x_wconf 77' lang='lat' dir='ltr'>Syl--</span> 
     </span>
     <span class='ocr_line' id='line_1_11' title="bbox 527 1596 2730 1706; baseline -0.004 -26"><span class='ocrx_word' id='word_1_67' title='bbox 527 1605 751 1680; x_wconf 86' lang='lat' dir='ltr'>uestri</span> <span class='ocrx_word' id='word_1_68' title='bbox 776 1655 798 1692; x_wconf 88' lang='lat'>,</span> <span class='ocrx_word' id='word_1_69' title='bbox 845 1622 922 1677; x_wconf 87' lang='lat' dir='ltr'>et</span> <span class='ocrx_word' id='word_1_70' title='bbox 961 1604 1149 1693; x_wconf 89' lang='lat' dir='ltr'>Viti,</span> <span class='ocrx_word' id='word_1_71' title='bbox 1193 1600 1519 1678; x_wconf 86' lang='lat' dir='ltr'>filiorum</span> <span class='ocrx_word' id='word_1_72' title='bbox 1551 1602 1881 1678; x_wconf 88' lang='lat' dir='ltr'>eiusdem</span> <span class='ocrx_word' id='word_1_73' title='bbox 1919 1596 2305 1706; x_wconf 82' lang='lat' dir='ltr'>Stephani,</span> <span class='ocrx_word' id='word_1_74' title='bbox 2361 1597 2730 1698; x_wconf 74' lang='lat' dir='ltr'>Livveky,</span> 
     </span>
     <span class='ocr_line' id='line_1_12' title="bbox 528 1704 2729 1811; baseline -0.003 -27"><span class='ocrx_word' id='word_1_75' title='bbox 528 1707 1266 1805; x_wconf 70' lang='lat' dir='ltr'>Arkos,‘Berencb,</span> <span class='ocrx_word' id='word_1_76' title='bbox 1322 1709 1471 1784; x_wconf 91' lang='lat' dir='ltr'>alio</span> <span class='ocrx_word' id='word_1_77' title='bbox 1527 1711 1833 1786; x_wconf 87' lang='lat' dir='ltr'>nomine</span> <span class='ocrx_word' id='word_1_78' title='bbox 1889 1704 2303 1811; x_wconf 79' lang='lat' dir='ltr'>Nagyfalu,</span> <span class='ocrx_word' id='word_1_79' title='bbox 2378 1732 2520 1779; x_wconf 88' lang='lat' dir='ltr'>nec</span> <span class='ocrx_word' id='word_1_80' title='bbox 2574 1732 2729 1779; x_wconf 87' lang='lat' dir='ltr'>non</span> 
     </span>
     <span class='ocr_line' id='line_1_13' title="bbox 527 1807 2735 1920; baseline -0.006 -23"><span class='ocrx_word' id='word_1_81' title='bbox 527 1813 1169 1920; x_wconf 74' lang='lat' dir='ltr'>Nagy-Berencb.</span> <span class='ocrx_word' id='word_1_82' title='bbox 1228 1833 1305 1893; x_wconf 84' lang='lat' dir='ltr'>et</span> <span class='ocrx_word' id='word_1_83' title='bbox 1343 1813 1915 1910; x_wconf 82' lang='lat' dir='ltr'>Kis-Berench,</span> <span class='ocrx_word' id='word_1_84' title='bbox 1972 1816 2120 1889; x_wconf 87' lang='lat' dir='ltr'>alio</span> <span class='ocrx_word' id='word_1_85' title='bbox 2155 1811 2458 1888; x_wconf 87' lang='lat' dir='ltr'>nomine</span> <span class='ocrx_word' id='word_1_86' title='bbox 2496 1807 2735 1886; x_wconf 79' lang='lat' dir='ltr'>Kissa·</span> 
     </span>
     <span class='ocr_line' id='line_1_14' title="bbox 534 1915 2731 2018; baseline -0.004 -18"><span class='ocrx_word' id='word_1_87' title='bbox 534 1926 609 2000; x_wconf 80' lang='lat' dir='ltr'>tu</span> <span class='ocrx_word' id='word_1_88' title='bbox 662 1940 1140 2018; x_wconf 71' lang='lat' dir='ltr'>vocatarum,</span> <span class='ocrx_word' id='word_1_89' title='bbox 1198 1922 1343 1999; x_wconf 82' lang='lat' dir='ltr'>hoc</span> <span class='ocrx_word' id='word_1_90' title='bbox 1385 1924 1650 2010; x_wconf 82' lang='lat' dir='ltr'>ordine</span> <span class='ocrx_word' id='word_1_91' title='bbox 1708 1918 2292 1999; x_wconf 79' lang='lat' dir='ltr'>reambulassent</span> <span class='ocrx_word' id='word_1_92' title='bbox 2336 1937 2477 1993; x_wconf 89' lang='lat' dir='ltr'>etc.</span> <span class='ocrx_word' id='word_1_93' title='bbox 2560 1915 2731 1992; x_wconf 86' lang='lat' dir='ltr'>Sic-</span> 
     </span>
     <span class='ocr_line' id='line_1_15' title="bbox 531 2029 2737 2136; baseline -0.001 -32"><span class='ocrx_word' id='word_1_94' title='bbox 531 2055 682 2132; x_wconf 82' lang='lat' dir='ltr'>que</span> <span class='ocrx_word' id='word_1_95' title='bbox 724 2047 976 2135; x_wconf 75' lang='lat' dir='ltr'>partes</span> <span class='ocrx_word' id='word_1_96' title='bbox 1017 2032 1508 2134; x_wconf 85' lang='lat' dir='ltr'>praemissae,</span> <span class='ocrx_word' id='word_1_97' title='bbox 1567 2030 2055 2136; x_wconf 82' lang='lat' dir='ltr'>praescriptas</span> <span class='ocrx_word' id='word_1_98' title='bbox 2105 2029 2431 2132; x_wconf 87' lang='lat' dir='ltr'>ipsarum</span> <span class='ocrx_word' id='word_1_99' title='bbox 2489 2051 2737 2103; x_wconf 83' lang='lat' dir='ltr'>ream·</span> 
     </span>
     <span class='ocr_line' id='line_1_16' title="bbox 427 2132 2735 2239; baseline -0.002 -27"><span class='ocrx_word' id='word_1_100' title='bbox 427 2175 434 2193; x_wconf 81' lang='lat'>=</span> <span class='ocrx_word' id='word_1_101' title='bbox 529 2136 995 2232; x_wconf 85' lang='lat' dir='ltr'>bulationes,</span> <span class='ocrx_word' id='word_1_102' title='bbox 1051 2155 1131 2213; x_wconf 83' lang='lat' dir='ltr'>et</span> <span class='ocrx_word' id='word_1_103' title='bbox 1163 2156 1531 2215; x_wconf 76' lang='lat' dir='ltr'>metarum</span> <span class='ocrx_word' id='word_1_104' title='bbox 1572 2138 1984 2213; x_wconf 80' lang='lat' dir='ltr'>erectiones</span> <span class='ocrx_word' id='word_1_105' title='bbox 2022 2137 2217 2211; x_wconf 85' lang='lat' dir='ltr'>inter</span> <span class='ocrx_word' id='word_1_106' title='bbox 2267 2132 2500 2210; x_wconf 84' lang='lat' dir='ltr'>dictas</span> <span class='ocrx_word' id='word_1_107' title='bbox 2540 2136 2735 2239; x_wconf 88' lang='lat' dir='ltr'>ipso-</span> 
     </span>
     <span class='ocr_line' id='line_1_17' title="bbox 530 2241 2737 2350; baseline -0.002 -29"><span class='ocrx_word' id='word_1_108' title='bbox 530 2270 700 2321; x_wconf 81' lang='lat' dir='ltr'>rum</span> <span class='ocrx_word' id='word_1_109' title='bbox 739 2247 1237 2350; x_wconf 80' lang='lat' dir='ltr'>possessiones</span> <span class='ocrx_word' id='word_1_110' title='bbox 1267 2246 1813 2321; x_wconf 70' lang='lat' dir='ltr'>terminassent.</span> <span class='ocrx_word' id='word_1_111' title='bbox 1871 2242 2033 2320; x_wconf 90' lang='lat' dir='ltr'>Sub</span> <span class='ocrx_word' id='word_1_112' title='bbox 2070 2268 2385 2347; x_wconf 74' lang='lat' dir='ltr'>quatum</span> <span class='ocrx_word' id='word_1_113' title='bbox 2423 2241 2737 2343; x_wconf 88' lang='lat' dir='ltr'>quidem</span> 
     </span>
     <span class='ocr_line' id='line_1_18' title="bbox 534 2349 2738 2458; baseline -0.002 -31"><span class='ocrx_word' id='word_1_114' title='bbox 534 2368 902 2429; x_wconf 79' lang='lat' dir='ltr'>metarum</span> <span class='ocrx_word' id='word_1_115' title='bbox 952 2352 1492 2431; x_wconf 82' lang='lat' dir='ltr'>inclusionibus</span> <span class='ocrx_word' id='word_1_116' title='bbox 1536 2349 2173 2458; x_wconf 81' lang='lat' dir='ltr'>praefatus&#39;homo</span> <span class='ocrx_word' id='word_1_117' title='bbox 2224 2351 2466 2452; x_wconf 84' lang='lat' dir='ltr'>regius</span> <span class='ocrx_word' id='word_1_118' title='bbox 2524 2374 2738 2453; x_wconf 83' lang='lat' dir='ltr'>prae·</span> 
     </span>
     <span class='ocr_line' id='line_1_19' title="bbox 531 2454 2739 2563; baseline -0.002 -30"><span class='ocrx_word' id='word_1_119' title='bbox 531 2459 726 2535; x_wconf 74' lang='lat' dir='ltr'>senti</span> <span class='ocrx_word' id='word_1_120' title='bbox 790 2462 1255 2563; x_wconf 69' lang='lat' dir='ltr'>pnescripto</span> <span class='ocrx_word' id='word_1_121' title='bbox 1322 2474 1602 2537; x_wconf 85' lang='lat' dir='ltr'>nostro·</span> <span class='ocrx_word' id='word_1_122' title='bbox 1649 2460 2072 2538; x_wconf 85' lang='lat' dir='ltr'>testimonio</span> <span class='ocrx_word' id='word_1_123' title='bbox 2135 2455 2403 2534; x_wconf 86' lang='lat' dir='ltr'>eodem</span> <span class='ocrx_word' id='word_1_124' title='bbox 2452 2455 2578 2531; x_wconf 79' lang='lat' dir='ltr'>die</span> <span class='ocrx_word' id='word_1_125' title='bbox 2642 2454 2739 2529; x_wconf 88' lang='lat' dir='ltr'>de</span> 
     </span>
     <span class='ocr_line' id='line_1_20' title="bbox 520 2563 2808 2671; baseline -0.001 -32"><span class='ocrx_word' id='word_1_126' title='bbox 520 2567 759 2668; x_wconf 77' lang='lat' dir='ltr'>ipsius</span> <span class='ocrx_word' id='word_1_127' title='bbox 830 2565 1444 2671; x_wconf 83' lang='lat' dir='ltr'>possessionariae</span> <span class='ocrx_word' id='word_1_128' title='bbox 1541 2563 2151 2642; x_wconf 84' lang='lat' dir='ltr'>reambulationis</span> <span class='ocrx_word' id='word_1_129' title='bbox 2217 2583 2292 2640; x_wconf 87' lang='lat' dir='ltr'>et</span> <span class='ocrx_word' id='word_1_130' title='bbox 2355 2580 2738 2663; x_wconf 67' lang='lat' dir='ltr'>‚metarum</span> <span class='ocrx_word' id='word_1_131' title='bbox 2797 2590 2808 2601; x_wconf 85' lang='lat'>·</span> 
     </span>
     <span class='ocr_line' id='line_1_21' title="bbox 528 2671 2743 2778; baseline 0.001 -36"><span class='ocrx_word' id='word_1_132' title='bbox 528 2672 967 2771; x_wconf 24' lang='lat' dir='ltr'>&#39;erectioniffi</span> <span class='ocrx_word' id='word_1_133' title='bbox 1052 2671 1548 2774; x_wconf 82' lang='lat' dir='ltr'>praescriptas</span> <span class='ocrx_word' id='word_1_134' title='bbox 1618 2676 2117 2778; x_wconf 86' lang='lat' dir='ltr'>possessiones</span> <span class='ocrx_word' id='word_1_135' title='bbox 2185 2672 2743 2775; x_wconf 81' lang='lat' dir='ltr'>praedictarum</span> 
     </span>
     <span class='ocr_line' id='line_1_22' title="bbox 539 2767 2752 2882; baseline 0.002 -33"><span class='ocrx_word' id='word_1_136' title='bbox 539 2778 856 2881; x_wconf 81' lang='lat' dir='ltr'>partium</span> <span class='ocrx_word' id='word_1_137' title='bbox 903 2767 1080 2853; x_wconf 81' lang='lat' dir='ltr'>cum</span> <span class='ocrx_word' id='word_1_138' title='bbox 1120 2777 1473 2853; x_wconf 86' lang='lat' dir='ltr'>omnibus</span> <span class='ocrx_word' id='word_1_139' title='bbox 1516 2778 1944 2861; x_wconf 84' lang='lat' dir='ltr'>earumdem</span> <span class='ocrx_word' id='word_1_140' title='bbox 1993 2777 2432 2854; x_wconf 67' lang='lat' dir='ltr'>Vtilitatibus</span> <span class='ocrx_word' id='word_1_141' title='bbox 2469 2796 2544 2853; x_wconf 85' lang='lat' dir='ltr'>et</span> <span class='ocrx_word' id='word_1_142' title='bbox 2585 2804 2752 2882; x_wconf 87' lang='lat' dir='ltr'>pcr-</span> 
     </span>
    </p>

    <p class='ocr_par' dir='ltr' id='par_1_7' title="bbox 396 2878 2759 4061">
     <span class='ocr_line' id='line_1_23' title="bbox 396 2878 2750 2991; baseline 0.001 -36"><span class='ocrx_word' id='word_1_143' title='bbox 396 2878 413 2891; x_wconf 74' lang='grc'><strong>’</strong></span> <span class='ocrx_word' id='word_1_144' title='bbox 541 2886 864 2959; x_wconf 82' lang='lat' dir='ltr'>tinentiis</span> <span class='ocrx_word' id='word_1_145' title='bbox 932 2885 1301 2961; x_wconf 70' lang='lat' dir='ltr'>Vniuersis</span> <span class='ocrx_word' id='word_1_146' title='bbox 1377 2885 1783 2991; x_wconf 83' lang='lat' dir='ltr'>vnicuique</span> <span class='ocrx_word' id='word_1_147' title='bbox 1847 2883 2283 2985; x_wconf 80' lang='lat' dir='ltr'>earumdem</span> <span class='ocrx_word' id='word_1_148' title='bbox 2353 2887 2515 2960; x_wconf 76' lang='lat' dir='ltr'>iure</span> <span class='ocrx_word' id='word_1_149' title='bbox 2569 2886 2750 2989; x_wconf 85' lang='lat' dir='ltr'>ipsis</span> 
     </span>
     <span class='ocr_line' id='line_1_24' title="bbox 539 2988 2748 3096; baseline 0 -30"><span class='ocrx_word' id='word_1_150' title='bbox 539 2990 1019 3067; x_wconf 80' lang='lat' dir='ltr'>incumbente</span> <span class='ocrx_word' id='word_1_151' title='bbox 1089 2988 1294 3066; x_wconf 89' lang='lat' dir='ltr'>nullo</span> <span class='ocrx_word' id='word_1_152' title='bbox 1346 2995 1683 3096; x_wconf 81' lang='lat' dir='ltr'>penitus</span> <span class='ocrx_word' id='word_1_153' title='bbox 1741 2990 2374 3085; x_wconf 72' lang='lat' dir='ltr'>contradictore,</span> <span class='ocrx_word' id='word_1_154' title='bbox 2464 2994 2543 3066; x_wconf 88' lang='lat' dir='ltr'>in</span> <span class='ocrx_word' id='word_1_155' title='bbox 2607 2992 2748 3067; x_wconf 87' lang='lat' dir='ltr'>bac</span> 
     </span>
     <span class='ocr_line' id='line_1_25' title="bbox 593 3089 2745 3205; baseline 0 -33"><span class='ocrx_word' id='word_1_156' title='bbox 593 3114 753 3173; x_wconf 77' lang='lat' dir='ltr'>arte</span> <span class='ocrx_word' id='word_1_157' title='bbox 787 3099 961 3197; x_wconf 75' lang='lat' dir='ltr'>ipsis</span> <span class='ocrx_word' id='word_1_158' title='bbox 1004 3089 1453 3204; x_wconf 63' lang='lat' dir='ltr'>apparente,</span> <span class='ocrx_word' id='word_1_159' title='bbox 1512 3117 1881 3204; x_wconf 84' lang='lat' dir='ltr'>perpetuo</span> <span class='ocrx_word' id='word_1_160' title='bbox 1918 3097 2287 3205; x_wconf 75' lang='lat' dir='ltr'>possiden.</span> <span class='ocrx_word' id='word_1_161' title='bbox 2337 3101 2624 3203; x_wconf 67' lang='lat' dir='ltr'>parim</span> <span class='ocrx_word' id='word_1_162' title='bbox 2668 3114 2745 3174; x_wconf 86' lang='lat' dir='ltr'>et</span> 
     </span>
     <span class='ocr_line' id='line_1_26' title="bbox 633 3200 2741 3308; baseline 0 -28"><span class='ocrx_word' id='word_1_163' title='bbox 633 3200 855 3280; x_wconf 75' lang='lat' dir='ltr'>bend.</span> <span class='ocrx_word' id='word_1_164' title='bbox 899 3204 1401 3308; x_wconf 72' lang='lat' dir='ltr'>relinquendo</span> <span class='ocrx_word' id='word_1_165' title='bbox 1435 3210 1875 3285; x_wconf 81' lang='lat' dir='ltr'>statuissent.</span> <span class='ocrx_word' id='word_1_166' title='bbox 1947 3207 2029 3282; x_wconf 91' lang='lat' dir='ltr'>In</span> <span class='ocrx_word' id='word_1_167' title='bbox 2066 3208 2279 3283; x_wconf 90' lang='lat' dir='ltr'>cuius</span> <span class='ocrx_word' id='word_1_168' title='bbox 2310 3209 2420 3280; x_wconf 85' lang='lat' dir='ltr'>rei</span> <span class='ocrx_word' id='word_1_169' title='bbox 2456 3233 2741 3283; x_wconf 88' lang='lat' dir='ltr'>memo·</span> 
     </span>
     <span class='ocr_line' id='line_1_27' title="bbox 541 3310 2743 3418; baseline -0.001 -31"><span class='ocrx_word' id='word_1_170' title='bbox 541 3313 769 3403; x_wconf 80' lang='lat' dir='ltr'>riam,</span> <span class='ocrx_word' id='word_1_171' title='bbox 855 3310 1435 3417; x_wconf 76' lang='lat' dir='ltr'>firmitatemque</span> <span class='ocrx_word' id='word_1_172' title='bbox 1512 3331 1953 3418; x_wconf 88' lang='lat' dir='ltr'>perpetuam</span> <span class='ocrx_word' id='word_1_173' title='bbox 2010 3330 2438 3417; x_wconf 82' lang='lat' dir='ltr'>praesentes</span> <span class='ocrx_word' id='word_1_174' title='bbox 2494 3314 2743 3389; x_wconf 71' lang='lat' dir='ltr'>litenas</span> 
     </span>
     <span class='ocr_line' id='line_1_28' title="bbox 506 3418 2752 3526; baseline -0 -31"><span class='ocrx_word' id='word_1_175' title='bbox 506 3424 830 3497; x_wconf 74' lang='lat' dir='ltr'>‘nostras</span> <span class='ocrx_word' id='word_1_176' title='bbox 870 3418 1396 3524; x_wconf 83' lang='lat' dir='ltr'>priuilegiales,</span> <span class='ocrx_word' id='word_1_177' title='bbox 1452 3419 1874 3526; x_wconf 87' lang='lat' dir='ltr'>pendentis,</span> <span class='ocrx_word' id='word_1_178' title='bbox 1932 3420 2336 3498; x_wconf 87' lang='lat' dir='ltr'>authentici</span> <span class='ocrx_word' id='word_1_179' title='bbox 2369 3420 2586 3524; x_wconf 80' lang='lat' dir='ltr'>sigilli</span> <span class='ocrx_word' id='word_1_180' title='bbox 2622 3445 2752 3494; x_wconf 89' lang='lat' dir='ltr'>no-</span> 
     </span>
     <span class='ocr_line' id='line_1_29' title="bbox 540 3524 2754 3632; baseline 0 -32"><span class='ocrx_word' id='word_1_181' title='bbox 540 3527 679 3601; x_wconf 82' lang='lat' dir='ltr'>stri</span> <span class='ocrx_word' id='word_1_182' title='bbox 712 3524 1128 3603; x_wconf 86' lang='lat' dir='ltr'>munimine</span> <span class='ocrx_word' id='word_1_183' title='bbox 1181 3526 1615 3624; x_wconf 84' lang='lat' dir='ltr'>roboratas,</span> <span class='ocrx_word' id='word_1_184' title='bbox 1692 3527 1972 3605; x_wconf 85' lang='lat' dir='ltr'>eisdem</span> <span class='ocrx_word' id='word_1_185' title='bbox 2011 3527 2346 3632; x_wconf 87' lang='lat' dir='ltr'>partibus</span> <span class='ocrx_word' id='word_1_186' title='bbox 2401 3524 2754 3619; x_wconf 66' lang='lat' dir='ltr'>duximus</span> 
     </span>
     <span class='ocr_line' id='line_1_30' title="bbox 538 3631 2754 3712; baseline 0.002 -4"><span class='ocrx_word' id='word_1_187' title='bbox 538 3631 1062 3708; x_wconf 85' lang='lat' dir='ltr'>concedendas</span> <span class='ocrx_word' id='word_1_188' title='bbox 1086 3636 1477 3711; x_wconf 81' lang='lat' dir='ltr'>communi</span> <span class='ocrx_word' id='word_1_189' title='bbox 1510 3634 1783 3711; x_wconf 87' lang='lat' dir='ltr'>iustitia</span> <span class='ocrx_word' id='word_1_190' title='bbox 1815 3634 2196 3711; x_wconf 86' lang='lat' dir='ltr'>suadente.</span> <span class='ocrx_word' id='word_1_191' title='bbox 2241 3636 2517 3710; x_wconf 85' lang='lat' dir='ltr'>Datum</span> <span class='ocrx_word' id='word_1_192' title='bbox 2552 3651 2754 3712; x_wconf 81' lang='lat' dir='ltr'>octa-</span> 
     </span>
     <span class='ocr_line' id='line_1_31' title="bbox 543 3736 2759 3844; baseline 0.002 -31"><span class='ocrx_word' id='word_1_193' title='bbox 543 3764 648 3817; x_wconf 89' lang='lat' dir='ltr'>uo</span> <span class='ocrx_word' id='word_1_194' title='bbox 687 3736 817 3814; x_wconf 85' lang='lat' dir='ltr'>die</span> <span class='ocrx_word' id='word_1_195' title='bbox 844 3737 998 3814; x_wconf 87' lang='lat' dir='ltr'>diei</span> <span class='ocrx_word' id='word_1_196' title='bbox 1036 3744 1656 3844; x_wconf 87' lang='lat' dir='ltr'>possessionariae</span> <span class='ocrx_word' id='word_1_197' title='bbox 1687 3741 2317 3836; x_wconf 83' lang='lat' dir='ltr'>reambulationis,</span> <span class='ocrx_word' id='word_1_198' title='bbox 2353 3758 2759 3817; x_wconf 82' lang='lat' dir='ltr'>metarum-</span> 
     </span>
     <span class='ocr_line' id='line_1_32' title="bbox 541 3848 2758 3952; baseline 0 -30"><span class='ocrx_word' id='word_1_199' title='bbox 541 3871 700 3951; x_wconf 81' lang='lat' dir='ltr'>quc</span> <span class='ocrx_word' id='word_1_200' title='bbox 752 3850 1150 3924; x_wconf 77' lang='lat' dir='ltr'>erectionis</span> <span class='ocrx_word' id='word_1_201' title='bbox 1211 3865 1287 3921; x_wconf 90' lang='lat' dir='ltr'>et</span> <span class='ocrx_word' id='word_1_202' title='bbox 1348 3848 1772 3925; x_wconf 83' lang='lat' dir='ltr'>statutionis</span> <span class='ocrx_word' id='word_1_203' title='bbox 1837 3867 2456 3952; x_wconf 76' lang='lat' dir='ltr'>praenotatarum.</span> <span class='ocrx_word' id='word_1_204' title='bbox 2517 3848 2758 3922; x_wconf 87' lang='lat' dir='ltr'>Anno</span> 
     </span>
     <span class='ocr_line' id='line_1_33' title="bbox 546 3950 2757 4061; baseline -0 -31"><span class='ocrx_word' id='word_1_205' title='bbox 546 3952 855 4030; x_wconf 85' lang='lat' dir='ltr'>Domini</span> <span class='ocrx_word' id='word_1_206' title='bbox 878 3950 1421 4031; x_wconf 81' lang='lat' dir='ltr'><strong>MCDXXXV.</strong></span> <span class='ocrx_word' id='word_1_207' title='bbox 1449 3954 1896 4047; x_wconf 83' lang='lat' dir='ltr'>Honorabili</span> <span class='ocrx_word' id='word_1_208' title='bbox 1918 3955 2109 4031; x_wconf 85' lang='lat' dir='ltr'>Viro</span> <span class='ocrx_word' id='word_1_209' title='bbox 2133 3954 2494 4061; x_wconf 84' lang='lat' dir='ltr'>Magistro</span> <span class='ocrx_word' id='word_1_210' title='bbox 2532 3955 2757 4029; x_wconf 80' lang='lat' dir='ltr'>Fran·</span> 
     </span>
    </p>
   </div>
   <div class='ocr_carea' id='block_1_7' title="bbox 544 4061 2752 4279">
    <p class='ocr_par' dir='ltr' id='par_1_8' title="bbox 544 4061 2752 4279">
     <span class='ocr_line' id='line_1_34' title="bbox 544 4061 2752 4141; baseline 0 -4"><span class='ocrx_word' id='word_1_211' title='bbox 544 4062 746 4137; x_wconf 84' lang='lat' dir='ltr'>cisco</span> <span class='ocrx_word' id='word_1_212' title='bbox 789 4062 1112 4138; x_wconf 71' lang='lat' dir='ltr'>Lecton-e</span> <span class='ocrx_word' id='word_1_213' title='bbox 1149 4061 1481 4139; x_wconf 81' lang='lat' dir='ltr'>eiusdem</span> <span class='ocrx_word' id='word_1_214' title='bbox 1529 4061 1908 4140; x_wconf 84' lang='lat' dir='ltr'>Ecclesiae</span> <span class='ocrx_word' id='word_1_215' title='bbox 1948 4074 2248 4141; x_wconf 83' lang='lat' dir='ltr'>nostrae</span> <span class='ocrx_word' id='word_1_216' title='bbox 2288 4064 2752 4141; x_wconf 80' lang='lat' dir='ltr'>existentc.“</span> 
     </span>
     <span class='ocr_line' id='line_1_35' title="bbox 636 4170 2147 4279; baseline -0.003 -24"><span class='ocrx_word' id='word_1_217' title='bbox 636 4184 971 4277; x_wconf 74' lang='lat' dir='ltr'>originales</span> <span class='ocrx_word' id='word_1_218' title='bbox 1000 4192 1061 4255; x_wconf 81' lang='lat' dir='ltr'>in</span> <span class='ocrx_word' id='word_1_219' title='bbox 1092 4191 1346 4255; x_wconf 73' lang='lat' dir='ltr'>archiuo</span> <span class='ocrx_word' id='word_1_220' title='bbox 1389 4170 1668 4279; x_wconf 74' lang='lat' dir='ltr'>Episcopi</span> <span class='ocrx_word' id='word_1_221' title='bbox 1704 4194 2028 4257; x_wconf 76' lang='lat' dir='ltr'>Nitriensis.</span> <span class='ocrx_word' id='word_1_222' title='bbox 2139 4189 2147 4197; x_wconf 75' lang='grc'><strong><em>’</em></strong></span> 
     </span>
    </p>
   </div>
  </div>
 </body>
</html>
