2926 4849
2116 466 2261 535 821

164 672 581 767 'Varadiem
655 674 1074 751 orationum
1143 671 1488 777 suffragia
1560 671 2025 755 denotarum.
2103 671 2369 750 Vestra

183 784 486 858 nouerit
515 780 1008 870 Excellentia,
1069 804 1204 854 nos
1235 780 1514 855 Literas
1561 779 2164 883 proclamatorias
2207 782 2366 855 Co-

182 891 383 965 mitis
417 886 772 993 Stephani
821 887 913 963 de
981 886 1292 979 Rubor,
1365 888 1645 960 Judicis
1705 887 1973 960 Curiae
2041 904 2366 979 vestrae,
2483 913 2485 917 ’

180 1023 329 1101 pro
370 1015 583 1099 parte
619 995 944 1097 religiosi
983 993 1160 1075 viri.
1216 993 1523 1069 Domini
1561 992 1933 1066 Valentini
1971 993 2367 1095 Praeposi-
2484 1012 2494 1024 ·

183 1104 250 1178 ti
284 1121 362 1178 et
398 1104 830 1179 Conuentus
870 1102 1239 1177 Ecclesiae
1276 1098 1369 1173 de
1416 1096 1694 1202 Saagb‚
1752 1116 2010 1173 contra
2052 1096 2370 1175 honora-

177 1205 341 1284 bile
392 1209 811 1312 Capitulum
854 1207 1219 1282 Ecclesiae
1279 1205 1821 1308 strigoniensis.
1865 1225 2233 1281 emanatas
2293 1227 2370 1283 et

182 1315 506 1390 directas
547 1311 877 1402 bonore,
935 1340 1088 1414 quo
1129 1311 1384 1389 decuit
1419 1315 1840 1415 excepisse,
1898 1330 1970 1386 et
2013 1316 2213 1389 iuxta
2250 1341 2365 1389 ea·

179 1420 529 1498 rumdem
553 1414 1108 1512 continentiam,
1140 1420 1363 1495 Petro
1405 1417 1501 1493 de
1535 1421 1598 1492 Z
1600 1447 1734 1519 yra
1769 1415 2069 1492 homine
2111 1439 2359 1497 vestro

182 1528 431 1632 regin,
484 1535 560 1603 in
600 1528 876 1602 eisdem
918 1531 1241 1602 annotati
1287 1528 1711 1601 Conuentus
1743 1543 1817 1602 et
1866 1525 2185 1628 Capituli
2237 1529 2360 1603 in-

186 1651 309 1710 ter
329 1637 509 1710 alios
531 1637 966 1737 »conscripto
989 1689 1008 1725 ‚
1048 1634 1485 1735 Magistrum
1508 1633 1877 1708 Ioannem
1913 1632 2016 1708 de
2051 1632 2366 1711 Keztho-

183 1767 386 1831 mer,
442 1743 728 1815 socium
763 1758 838 1815 et
876 1742 1477 1816 concanonicum
1516 1758 1889 1832 nostrum,
1946 1740 2037 1813 ad
2074 1740 2367 1843 procla·

182 1849 589 1924 mationem
624 1853 849 1951 ipsam
894 1873 1031 1922 suo
1074 1846 1297 1927 modo
1342 1847 1879 1952 peragendam3
1941 1866 2196 1924 nostro
2225 1873 2362 1952 pro

181 1956 608 2031 testimonio
658 1953 801 2029 fide
861 1952 1168 2059 dignum
1199 1952 1567 2030 duximus
1620 1952 2174 2049 destinanda-tuq
2207 1956 2364 2056 ‘qui

187 2060 460 2138 exinde
486 2059 579 2135 ad
609 2086 754 2135 nos
805 2063 1129 2152 reuersi,
1205 2060 1419 2135 nobis
1470 2087 1802 2136 consona
1857 2087 2040 2136 voce
2089 2066 2364 2140 retule-

185 2186 402 2258 runt,
459 2166 846 2272 quomodo
889 2170 1023 2269 ipsi
1099 2170 1341 2270 primo
1396 2164 1587 2242 feria
1643 2167 1968 2242 secunda
2023 2174 2364 2270 proxima

185 2292 352 2378 post
373 2272 640 2350 festum
672 2275 880 2349 Beati
909 2275 1451 2369 Bartholomaei
1473 2275 1807 2376 Apostoli
1829 2274 2127 2349 nouiter
2160 2303 2366 2380 prae-

186 2381 492 2466 teritum
543 2384 617 2456 in
679 2380 1145 2475 Pei-ebeben3
1195 2382 1418 2455 -item
1469 2379 1794 2455 secundo
1856 2381 2041 2456 feria
2102 2405 2372 2486 quarta

182 2489 668 2592 subsequenti
699 2488 778 2562 in
821 2487 1195 2591 Hidvegli,
1254 2487 1553 2562 demum
1598 2490 1820 2562 tertio
1856 2507 1932 2564 et
1970 2489 2225 2566 vltimo
2265 2493 2373 2569 fe-

185 2596 296 2671 ria
340 2601 600 2700 quinta
638 2593 1609 2697 immediate-subsequente·
1638 2595 1721 2668 in
1771 2595 1993 2687 visk,
2068 2624 2371 2699 posses-

185 2704 520 2780 sionibus
560 2721 636 2779 et
674 2700 906 2792 vinis,
1001 2702 1233 2776 tribus
1296 2702 1575 2777 scilicet
1639 2701 1819 2776 foris
1871 2706 2367 2805 comprouin-

190 2809 497 2886 cialibus
548 2810 623 2883 in
687 2807 971 2883 eisdem
1032 2833 1170 2911 pro
1231 2834 1389 2883 sese
1441 2806 1803 2884 celebrari
1850 2808 2121 2901 solitis,
2199 2838 2367 2886 me·-

188 2932 566 2992 morutum
630 2913 1033 3018 capitulum
1094 2914 1468 2989 Ecclesiae
1529 2913 2101 3018 strigoniensis,
2188 2916 2361 3002 lite-,-

187 3043 305 3097 ras
364 3020 668 3098 metales
719 3021 944 3123 ipsius
997 3019 1537 3113 exhibiturum,
1608 3045 1700 3093 ac
1742 3019 2189 3097 de-—iudiciis
2246 3028 2366 3098 vi-

188 3129 376 3231 ginti
438 3147 610 3205 octo
675 3151 1134 3218 marcarum,
1207 3128 1346 3230 ipsi
1407 3124 1655 3226 Judici
1711 3146 1785 3203 et
1841 3127 2140 3229 triginta
2190 3150 2365 3208 octo
2468 3156 2473 3161 ·

187 3239 383 3340 parti
419 3235 769 3311 aduersae
806 3234 1348 3311 satisfacturum
1387 3253 1647 3310 contra
1677 3251 2066 3310 annotatos
2099 3236 2361 3312 Valen-

190 3343 430 3418 tinum
454 3343 973 3445 Praepositum
997 3360 1073 3417 et
1091 3359 1549 3418 conuentum
1571 3342 1937 3418 Ecclesiae
1973 3342 2067 3418 de
2092 3340 2359 3448 Saagh,

189 3449 282 3523 ad
315 3461 612 3525 octauas
667 3448 835 3524 festi
899 3449 1099 3522 Beati
1150 3446 1529 3523 Michaelis
1593 3447 2067 3553 Archangeli,
2166 3478 2363 3527 nunc

189 3575 527 3631 venturas
569 3554 867 3659 publice
912 3573 984 3629 et
1026 3553 1760 3638 manifeste-Vestrae
1804 3554 2238 3631 Serenitatis
2284 3559 2361 3632 in

186 3664 677 3765 praesentiam
706 3661 1025 3765 legitime
1065 3662 1412 3738 fecissent
1445 3662 1929 3765 proclamari3
1987 3665 2362 3738 insinuan-

188 3767 289 3845 do
326 3772 609 3846 ibidem
633 3824 654 3862 ‚
710 3785 787 3843 vt
822 3768 883 3844 si
916 3770 1198 3844 venerit
1237 3788 1314 3845 et
1344 3770 1591 3845 literas
1620 3796 1783 3846 suas
1820 3767 2124 3845 metales
2167 3769 2362 3845 exhi-

185 3873 474 3972 buerit,
531 3901 617 3951 ac
659 3872 754 3949 de
795 3872 1086 3948 iudiciis
1129 3877 1267 3978 ipsi
1318 3877 1573 3950 Judici
1634 3894 1709 3951 et
1758 3876 1950 3979 parti
2012 3874 2361 3952 aduersae

189 3983 626 4059 satisfecerit
645 3980 1183 4082 benequidem3
1217 3983 1552 4086 alioquin
1593 4012 1740 4060 non
1764 3981 2105 4057 obstante
2141 3984 2366 4086 ipsius
2458 4033 2465 4038 ,

197 4089 528 4169 absentia
587 4106 662 4165 et
715 4084 1126 4165 rebellione
1196 4089 1392 4164 idem
1446 4091 1493 4162 J
1500 4090 1693 4166 udex
1760 4089 2012 4166 euriae
2079 4108 2364 4166 vestrae
2428 4163 2433 4169 .

167 4189 477 4275 'faceret
529 4202 610 4273 in
663 4198 1116 4302 praemissis,
1176 4194 1383 4300 quod
1424 4198 1569 4271 iuri
1632 4196 1926 4272 videtur
1986 4195 2361 4300 expedire.
