2926 4849
2143 461 2284 527 731
2407 479 2408 486 ¹

160 713 165 718 -
218 669 406 743 Vice
449 666 813 760 Comites,
868 693 1008 744 nec
1047 694 1199 742 non
1247 665 1598 745 Nicolaus
1637 667 1729 741 de
1782 670 2030 773 Agar,
2102 669 2398 770 Grego-

219 779 374 851 rius
423 772 656 850 Malaz
715 774 808 851 de
870 771 1422 862 Zenthlelewk‚
1495 773 1867 850 ,Iohannes
1918 767 2245 851 literatus
2306 775 2398 848 de

226 879 524 972 Abech,
580 910 664 956 ac
706 879 1078 956 Ladislaus
1118 878 1209 955 de
1250 882 1454 974 'Uzd,
1499 884 1541 954 J
1549 880 1800 955 udices
1836 880 2220 957 Nobilium
2255 884 2397 958 Co-

217 990 514 1064 mitatus
552 986 983 1063 Tbolnensis
1029 991 1468 1062 seruitutum
1515 987 1865 1089 obsequia
1908 1015 2074 1062 cum
2117 1014 2399 1092 perpe-

219 1114 346 1169 tua
364 1091 734 1170 fidelitate.
769 1095 1035 1170 Vestra
1051 1097 1344 1198 nouerit
1365 1094 1772 1186 Serenitas,
1807 1095 2039 1196 quod,
2074 1122 2244 1170 cum
2266 1122 2398 1188 nos

219 1227 503 1276 summa
548 1228 715 1276 cum
758 1201 1183 1277 obedientia
1217 1203 1385 1275 visis
1419 1220 1498 1277 et
1519 1204 1836 1300 receptis
1859 1202 2085 1274 literis
2110 1221 2396 1278 vestrae

219 1311 613 1382 Maiestatis
645 1306 1094 1400 anulalibus‚
1133 1307 1224 1380 ad
1276 1308 1793 1410 inquisitiones
1819 1363 1840 1402 ,
1896 1309 2396 1400 euocationes,

219 1411 791 1519 prohibitiones,
827 1440 913 1488 ac
948 1414 1040 1487 ad
1077 1414 1322 1489 omnia
1353 1415 1531 1508 alia,
1570 1441 1760 1515 quae
1803 1414 2069 1518 talibus
2109 1443 2182 1488 in
2224 1442 2395 1518 pro-

219 1520 547 1596 cessibus
578 1521 784 1595 iuxta
819 1518 1035 1610 huius
1070 1522 1281 1624 regni
1320 1521 1932 1612 consuetudinem
1975 1521 2068 1596 de
2113 1522 2272 1594 iure
2316 1519 2396 1594 fi-

222 1629 332 1704 eri
372 1646 923 1703 consueuerant
965 1627 1340 1717 facienda,
1381 1654 1520 1727 per
1559 1631 1730 1701 anni
1770 1629 2123 1702 circulum
2166 1627 2393 1702 bono-

130 1736 141 1740 *
219 1731 439 1811 rabili
475 1735 877 1810 conuentui
900 1734 1265 1809 Ecclesiae
1302 1732 1866 1811 cruciferorum
1903 1733 1995 1808 de
2031 1732 2221 1807 Alba
2241 1763 2396 1837 gra·
2456 1751 2460 1756 ’

198 1844 411 1919 2tiose
448 1838 632 1913 datis
665 1858 741 1915 et
780 1843 1183 1929 concessis,
1243 1841 1455 1916 nobis
1493 1841 2016 1944 loquentibus,
2051 1841 2397 1915 iuxtaea-

222 1945 562 2026 rumdem
605 1949 1129 2023 continentiam
1166 1950 1573 2047 Georgium
1640 1948 1736 2024 de
1783 1948 2064 2041 Berce‚
2120 1965 2196 2022 et
2242 1949 2397 2020 Do·

226 2057 513 2130 minum
570 2052 943 2127 Andream
973 2054 1067 2129 de
1122 2053 1467 2147 Endred,
1544 2080 1715 2130 cum
1770 2055 2011 2154 sigillo
2051 2050 2393 2155 ,praefati

226 2161 574 2262 Gregorii
591 2158 822 2233 Malaz
846 2159 936 2233 ad
975 2161 1518 2264 infrascriptam
1551 2162 2105 2264 inquisitionem
2132 2159 2400 2238 facien·

226 2267 892 2357 dam‚duxissemus
911 2268 1571 2344 transmittendum:
1608 2270 1935 2342 Demum
1969 2266 2165 2341 idem
2200 2270 2397 2340 exin-

228 2376 322 2451 de
359 2398 703 2450 reuersus
727 2428 750 2466 ,
791 2373 882 2447 ad
914 2372 1140 2449 fidem
1175 2401 1376 2451 suam
1420 2375 1586 2452 Deo
1617 2371 1978 2466 debitam,
2016 2391 2208 2447 tacto
2251 2373 2397 2446 Do-

230 2484 540 2558 minicae
589 2481 846 2556 Crucis
889 2482 1148 2582 signo,
1205 2484 1411 2585 prius
1470 2481 1567 2558 de
1617 2509 1752 2558 sua
1815 2480 2398 2559 reambulatione

229 2589 673 2693 requisitus,
729 2586 980 2663 retulit
1027 2589 1152 2663 tali
1208 2588 1474 2663 modo:
1544 2586 1750 2692 quod
1805 2590 1966 2692 ipse
2015 2583 2399 2662 Sabbatho

230 2699 572 2801 proximo
629 2713 796 2768 ante
865 2694 1132 2770 festum
1200 2696 1595 2772 Beatorum
1655 2695 1980 2772 Simonis
2034 2712 2110 2770 et
2163 2693 2400 2768 Judae

233 2799 770 2904 Apostolorum
806 2803 1143 2902 proxime
1187 2805 1708 2905 praeteritum,
1764 2805 1840 2877 in
1902 2801 2103 2877 dicto
2143 2802 2424 2891 Comiss'

233 2929 389 2993 tatu
444 2907 797 2983 Tolnensi
861 2907 1274 3009 procedens
1322 2908 1416 2982 ab
1472 2912 1855 3000 omnibus,
1928 2911 2200 3006 quibus
2258 2905 2399 2983 de·-

231 3042 407 3093 cens
429 3033 504 3089 et
525 3032 1035 3116 opportunum
1055 3013 1327 3109 fuisset,
1352 3012 1727 3090 nobilibus
1749 3015 2092 3089 videlicet
2107 3032 2181 3088 et
2198 3017 2400 3117 igno-

233 3122 558 3211 bilibus,
613 3146 696 3194 ac
731 3121 1029 3198 alterius
1070 3138 1295 3197 status
1327 3122 1508 3197 dicti
1546 3121 1947 3198 Comitatus
1978 3119 2401 3199 hominibus

235 3228 475 3336 palam
498 3244 573 3304 et
608 3226 897 3303 occulte
919 3224 1310 3329 diligenter
1339 3229 1818 3331 inquirendo,
1839 3230 2062 3305 talem
2074 3230 2404 3304 sciuisset

234 3340 657 3413 veritatem:
712 3333 1109 3424 Quomodo
1146 3336 1516 3412 ,lohannes
1541 3391 1562 3430 ,
1598 3334 1790 3413 filius
1830 3335 2095 3413 Jacobi
2135 3337 2228 3423 de
2271 3335 2406 3421 Za·
2519 3430 2524 3433 -

237 3441 528 3534 kadath,
563 3467 730 3519 cum
769 3442 915 3515 suis
956 3440 1436 3518 familiaribus
1473 3446 1768 3519 armatis
1796 3434 2134 3519 manibus
2170 3461 2245 3518 et
2276 3465 2405 3545 po·
2468 3493 2478 3501 -

238 3551 595 3627 tentiariis
618 3603 639 3640 ,
695 3544 879 3624 feria
914 3567 1172 3651 quarta
1230 3554 1570 3655 proxima
1611 3570 1780 3626 ante
1831 3551 2097 3628 festum
2152 3548 2405 3625 Sancti

234 3656 497 3732 Jacobi
531 3654 880 3758 Apostoli
914 3658 1253 3758 proxime
1276 3660 1781 3761 praeteritum,
1823 3661 2208 3735 vniuersos
2237 3679 2405 3761 pro·

239 3783 506 3841 uentus
533 3760 715 3836 dicti
740 3760 1168 3840 Conuentus
1188 3765 1746 3841 Cruciferorum
1780 3763 1872 3845 de
1891 3764 2222 3842 faciebus
2243 3786 2408 3867 pos-

232 3871 574 3947 sessionis
615 3867 858 3942 Archa
896 3867 1139 3945 dictae
1181 3870 1592 3963 Ecclesiae,
1645 3897 1732 3946 ac
1772 3868 1919 3973 Fyr
1956 3889 2406 3958 vocatarum,

234 3979 455 4059 titulo
489 3976 810 4080 pignoris
849 3976 1090 4076 ipsum
1136 3995 1593 4053 conuentum
1633 3982 2029 4081 tangentis,
2078 4003 2215 4053 nec
2256 4004 2403 4053 non

234 4087 483 4161 omnia
522 4085 686 4158 vina
739 4081 1116 4159 decimalia
1146 4109 1315 4160 cum
1355 4083 1513 4158 aliis
1557 4086 2084 4188 mouentibus,
2121 4085 2406 4159 dictum

235 4196 695 4268 Conuentum
770 4196 1339 4284 concernentia,
1434 4190 1526 4266 de
1587 4189 1914 4269 faciebus
1981 4190 2404 4268 earumdem
