2926 4849
2252 508 2351 583 29

252 702 516 794 Grona
552 705 654 786 de
699 706 868 786 villa
914 706 1229 788 Udvord
1267 734 1345 791 se
1392 740 1432 788 a
1469 707 1723 789 debita
1761 712 2122 791 seruitute
2154 717 2458 796 subtra-

258 824 574 910 xissent3
631 817 950 895 dilectus
987 842 1075 893 ac
1119 816 1353 893 fidelis
1394 839 1692 909 noster,
1752 820 1955 896 Cena
2006 822 2262 900 Abbas
2305 845 2449 903 etc.

260 927 479 1002 Vnde
527 954 667 1004 nos
698 952 878 1002 cum
916 942 1170 1002 nostro
1223 916 1551 1004 Palatino
1617 929 1990 1026 Dionisio,
2046 948 2124 1007 et
2181 932 2455 1010 nostris

254 1033 602 1112 fidelibus
639 1032 1245 1110 sententiauimus
1277 1050 1538 1111 contra
1588 1032 1922 1112 infideles
1968 1061 2224 1116 seruos
2282 1035 2453 1114 Ab·

250 1141 495 1238 batis,
526 1140 738 1243 quod
778 1141 1141 1217 semirasis
1178 1140 1543 1246 capitibus
1577 1140 1823 1218 eidem
1865 1142 2236 1221 Ecclesiae
2277 1145 2452 1224 red·

245 1247 685 1324 derentur.“
744 1241 954 1350 „Ego
999 1248 1436 1342 Benedicta,
1492 1275 1682 1326 vxor
1721 1250 2152 1355 Herczegh‚
2190 1252 2286 1330 de
2321 1278 2448 1355 ge-

244 1382 440 1431 nere
494 1358 765 1447 Borsa,
843 1354 1128 1431 duabus
1176 1355 1460 1431 filiabus
1521 1356 1741 1447 meis,
1834 1358 2040 1433 iuxta
2092 1361 2445 1437 natalium

246 1488 559 1538 suarum
611 1460 1038 1567 dignitatem
1077 1464 1431 1539 maritatis
1457 1518 1481 1558 ,
1535 1480 1613 1539 et
1658 1461 1882 1540 rebus
1936 1469 2118 1541 meis
2165 1468 2447 1543 eisdem

246 1568 582 1673 legitime
619 1568 901 1647 traditis
929 1612 963 1664 ,ν
985 1571 1153 1645 emi
1185 1598 1230 1644 a
1270 1588 1588 1677 cognato
1629 1594 1800 1646 meo
1833 1571 2228 1649 Valeriano
2263 1575 2448 1650 Can·
2521 1664 2526 1667 .

244 1694 423 1752 tore
447 1727 473 1769 ,
529 1704 698 1753 cum
742 1674 1189 1753 conscientia
1231 1693 1309 1753 et
1346 1702 1712 1754 consensu
1750 1688 2238 1782 cognatorum
2276 1707 2450 1757 suo·

243 1812 428 1857 rum
481 1826 591 1843 --
645 1783 1153 1860 Ancillam
1208 1786 1512 1861 nomine
1566 1785 1856 1888 Agnam
1918 1811 2094 1861 cum
2153 1785 2447 1866 duobus

242 1888 503 1965 filiolis
545 1892 738 1966 suis⁸‘
796 1889 980 1993 Reg.
1037 1889 1309 1967 Varad.
1362 1890 1429 1977 §-
1490 1896 1669 1969 142.
1725 1891 2005 1968 Furum
2049 1918 2446 1971 seruorum

242 2024 505 2099 poena
542 1996 684 2073 fuit
737 1997 1131 2074 terribilis:
1193 1998 1413 2073 Decr.
1468 1994 1547 2073 S.
1605 1994 1922 2072 Ladislai
1967 2000 2053 2073 L.
2107 2000 2204 2073 11.
2262 2000 2445 2102 Cap.

247 2110 321 2181 2.
390 2114 514 2179 10.
578 2113 697 2179 12.
754 2114 882 2181 20.
942 2103 1104 2181 Lib.
1161 2106 1288 2180 111.
1346 2108 1530 2209 Cap.
1574 2107 1645 2179 4.
1707 2110 1770 2181 5.
1816 2111 1933 2180 17.
1972 2105 2260 2182 Colom.
2301 2109 2445 2182 De·

242 2239 358 2290 cr.
419 2215 502 2287 L.
537 2214 593 2287 Ῑ.
625 2237 784 2317 cap.
828 2220 951 2288 84.
993 2211 1219 2287 Erant
1255 2210 1331 2285 hi
1374 2207 1817 2314 perfecte
1873 2212 2187 2309 serui,
2223 2238 2442 2320 prae·

240 2338 368 2397 ter
396 2321 683 2397 victum
722 2320 1029 2426 proprii·
1055 2317 1244 2395 nibil
1278 2315 1659 2396 habentes.

440 2429 1021 2533 Impe.rfecti
1095 2426 1384 2503 Serui
1422 2427 1763 2524 fuerant,
1835 2426 1969 2529 qui
2018 2430 2438 2507 misericor-

235 2532 462 2631 diae,
519 2554 644 2611 aut
696 2535 1077 2640 religionis
1136 2536 1439 2639 spiritu,
1512 2552 1640 2610 aut
1694 2535 1940 2634 lytro,
1995 2565 2039 2611 a
2095 2538 2439 2614 Dominis

235 2644 436 2737 suis,
509 2649 910 2748 praecipue
957 2657 1574 2719 testamentorum
1643 2644 2039 2720 occasione
2069 2698 2092 2740 ,
2158 2669 2436 2718 manu-

235 2753 648 2838 missisunt
685 2753 830 2835 ita,
889 2767 965 2825 vt
1019 2766 1091 2825 et
1134 2775 1308 2825 cum
1363 2749 1618 2830 liberis
1670 2748 2046 2848 copulari,
2101 2768 2177 2826 et
2211 2749 2434 2829 labo-

236 2856 451 2932 ribus
488 2860 633 2932 suis
673 2855 948 2958 aliquid
986 2858 1273 2961 proprii
1313 2851 1582 2931 mereri
1616 2857 2039 2961 potuerint,
2097 2869 2431 2934 ceterum

243 2964 362 3039 vel
401 2964 611 3040 domi
645 2991 905 3068 agrum
943 2963 1193 3039 colere
1230 2963 1347 3039 vel
1371 2962 1665 3039 cuidam
1701 2961 2076 3039 Ecclesiae
2119 2965 2430 3057 seruire,

247 3087 376 3146 aut
396 3090 641 3148 certas
675 3071 1258 3175 prestationesin
1293 3066 1776 3171 refrigerium
1816 3070 2101 3146 animae
2127 3072 2429 3147 Domini

236 3177 356 3250 sui
395 3197 602 3266 extra
640 3178 987 3273 domum,
1042 3178 1289 3254 facere
1352 3175 1895 3282 obligati.“Hac
1961 3176 2098 3253 sub
2154 3177 2436 3252 condi-'

234 3282 440 3359 tione
480 3286 955 3363 nihilominus
985 3283 1508 3361 abalienabiles
1543 3301 2011 3378 manserant3
2050 3284 2230 3359 dicti
2265 3280 2328 3354 L
2350 3283 2426 3357 i-

230 3389 287 3464 b
313 3396 498 3468 erti
545 3410 674 3468 aut
716 3382 1162 3492 Libet-tin
1185 3394 1253 3466 i:
1294 3390 1594 3495 „Siquis
1617 3391 2130 3468 misericordia
2155 3389 2427 3466 ductus

225 3501 582 3601 proprios
621 3525 876 3576 seruos
937 3518 1014 3575 et
1056 3498 1353 3575 ancillas
1403 3500 1750 3576 libertate
1806 3496 2201 3573 donauerit
2253 3522 2426 3573 cum

229 3610 704 3700 testimoni03
762 3606 1233 3682 decreuimus
1259 3662 1279 3701 ,
1333 3623 1419 3681 vt
1459 3623 1629 3709 post
1673 3604 1964 3679 obitum
2004 3606 2161 3680 eius
2199 3630 2423 3679 nemo

224 3713 509 3788 inuidia
548 3732 784 3789 tactus
826 3717 902 3787 in
940 3717 1377 3790 seruitutem
1416 3740 1546 3790 eos
1590 3710 1856 3814 audeat
1911 3709 2288 3804 inducere.
2338 3710 2425 3787 Si

220 3838 474 3895 autem
524 3822 951 3896 libertatem
1006 3822 1469 3926 promiserit,
1527 3839 1604 3894 et
1641 3836 1902 3926 'morte
1972 3817 2424 3920 impediente

223 3941 525 4005 testatus
565 3955 712 4005 non
760 3929 1028 4022 fuerit3
1086 3929 1353 4002 babeat
1392 3928 1662 4003 mulier
1700 3928 1924 4028 ipsius
1962 3927 2186 4000 vidua
2223 3943 2299 3998 et
2338 3923 2424 3998 fi-

223 4031 307 4107 lii
356 4047 846 4140 potestatem,
902 4034 1217 4110 eandem
1288 4034 1713 4109 libertatem
1772 4035 2020 4108 testari
2076 4050 2151 4107 et
2191 4055 2420 4135 agape

225 4138 473 4218 facere
494 4201 515 4237 ,
575 4169 718 4248 pro
753 4143 1040 4218 animae
1073 4142 1545 4227 redemtione
1576 4140 1698 4215 sui
1736 4140 2022 4232 mariti,
2079 4141 2424 4242 qualiter-

227 4272 524 4356 cunque
552 4249 817 4328 ·velit.“
874 4250 1094 4328 Decr.
1153 4250 1317 4337 Lib.
1374 4246 1468 4323 11.
1524 4272 1687 4352 cap.
1749 4253 1868 4320 ¹7.
1929 4246 2232 4343 „Vutuk‘
2260 4301 2280 4339 ,
2327 4244 2422 4320 de
