2926 4849
714 493 869 585 uo

598 703 789 776 rium
850 700 928 774 in
977 702 1411 774 Dominium
1458 701 1902 792 earundem,
1994 714 2413 798 statuatque
2467 697 2784 775 easdem

592 808 870 882 eisdem
893 863 914 902 ,
972 807 1373 909 praemisso
1411 804 1455 877 J
1462 833 1593 882 ure
1630 809 1806 910 ipsis
1841 805 2342 888 incumbenti,
2378 805 2791 907 possiden„

590 914 653 988 si
691 939 841 987 non
884 914 1106 992 fuerit
1156 913 1747 1006 contradictum,
1829 910 2426 987 Contradictores
2488 938 2684 987 vero
2731 915 2794 988 si

589 1020 721 1123 qui
765 1018 1087 1112 fuerint,
1143 1021 1326 1093 citet
1354 1023 1596 1121 ipsos,
1649 1038 1912 1095 contr—a
1969 1016 2331 1093 antefatos
2390 1015 2789 1094 Andream

587 1144 662 1201 et
702 1125 1146 1229 Gregorium
1186 1126 1649 1201 Palatinalem
1692 1133 1764 1199 in
1800 1126 2294 1231 praesentiam
2331 1121 2423 1196 ad
2466 1123 2792 1200 Termi-

485 1221 500 1238 ⁸
581 1260 762 1306 num
795 1246 1379 1338 competentem,
1436 1234 1802 1307 rationem
1836 1232 2437 1306 contradictionis
2509 1255 2793 1308 eorum

579 1337 1023 1414 reddituros.
1079 1337 1172 1413 Et
1208 1345 1376 1443 po'st
1410 1334 1595 1414 haec
1641 1336 2058 1414 huiusmodi
2120 1334 2735 1416 Introductionis
2757 1397 2781 1430 ,

577 1462 655 1522 et
687 1444 1125 1520 statutionis
1164 1446 1429 1534 seriem
1465 1471 1636 1520 cum
1662 1444 2084 1520 nominibus
2122 1443 2785 1521 contradictorum

573 1570 652 1628 et
689 1554 1127 1644 citatorum,
1184 1556 1243 1628 si
1291 1552 1421 1652 qui
1462 1552 1780 1645 fuerint,
1839 1553 2346 1654 Terminoque
2399 1553 2779 1651 assignato

572 1658 815 1733 eidem
877 1658 1202 1734 Palatino
1256 1696 1364 1716 —-
1415 1696 1530 1715 -
1580 1699 1684 1712 -
1742 1659 1951 1732 batis.
2017 1659 2286 1732 Datum
2350 1657 2423 1730 in
2487 1657 2781 1736 Karina

573 1765 781 1841 F'eria
816 1763 1141 1851 secunda
1186 1765 1528 1870 proxima
1574 1763 1921 1840 videiicet
1957 1764 2037 1837 in
2080 1765 2298 1838 Festo
2336 1763 2568 1837 Beati
2599 1766 2776 1841 An·

571 1874 761 1947 tonii
796 1889 873 1950 et
928 1871 1409 1947 confessoris.
1473 1870 1697 1946 Anno
1753 1873 2064 1946 Domini
2113 1870 2507 1945 Millesimo
2561 1887 2774 1974 'qua-

570 1977 1151 2081 dringentesimo
1209 1979 1584 2054 tricesimo
1640 1980 1928 2080 quinte.
1988 1975 2107 2077 (L.
2165 1976 2276 2076 S.)
2328 2015 2438 2032 —
2493 2017 2604 2030 —
2661 2017 2769 2035 --

572 2083 1033 2160 R'everendis
1089 2084 1516 2161 Conventui
1580 2110 1756 2186 pro
1818 2084 2197 2159 Andrea
2237 2101 2334 2159 et
2390 2084 2768 2186 Grego-

571 2194 726 2267 rio
779 2191 887 2267 de
954 2190 1318 2295 lbrany
1360 2191 1859 2268 Introductor.
1918 2208 1997 2265 et
2048 2187 2400 2267 Statutor.
2458 2187 2766 2280 Relatio

573 2296 875 2372 demum
915 2297 1228 2374 habetur
1260 2323 1619 2398 sequens:
1657 2299 1906 2374 Homo
1943 2295 2218 2397 Regius
2250 2294 2638 2374 Barnabas
2673 2300 2766 2376 de

573 2402 942 2508 Nagysalu
967 2462 987 2499 ,
1021 2406 1097 2481 in
1136 2405 1326 2482 festo
1356 2404 1772 2483 Nativitatis
1794 2403 2009 2481 Beati
2047 2404 2349 2480 Joannis
2392 2404 2767 2507 Baptistae

574 2513 1045 2587 accessissent
1089 2531 1163 2587 et
1205 2513 1660 2606 statuissem,
1716 2510 1922 2587 nullo
1966 2510 2540 2589 contradicente.
2601 2514 2763 2590 Da-

578 2632 732 2690 tum
781 2619 1039 2691 Tertio
1083 2616 1225 2713 die.

661 2747 707 2805 Ε
751 2747 1043 2806 Processu
1068 2742 1356 2806 Tabulari
1389 2740 1644 2807 Ladisiai
1667 2746 1798 2829 vay
1821 2750 2039 2807 centn
2068 2741 2315 2831 ihrdnyi
2336 2741 2537 2807 θὼν.
2561 2747 2759 2832 Nogy-

572 3126 753 3182 Index
783 3140 836 3180 es
863 3128 1053 3180 lutati
1081 3127 1265 3180 cami
1298 3127 1443 3179 noui
1470 3127 1680 3213 montis
1711 3128 1875 3189 Post,
1928 3126 1999 3179 ds
2032 3128 2187 3181 doaso
2230 3127 2760 3203 Atckiepiseopaeni

725 3314 739 3329 ³
766 3239 1151 3311 &rigonimsi
1166 3256 1268 3308 per
1299 3236 1563 3290 concines
1599 3254 1732 3292 suos
1751 3237 1997 3306 flor-ems
2035 3235 2167 3295 500.
2199 3242 2334 3311 aug-i
2359 3243 2590 3296 vendam
2605 3246 2755 3318 sag-

762 3348 1013 3402 εἰσποιῶ
1045 3349 1228 3401 odunt.
1270 3347 1339 3401 A.
1368 3343 1528 3400 1435.

767 3461 923 3534 Nos
980 3461 1234 3535 Petrus
1293 3457 1537 3532 dictus
1589 3458 1902 3551 Onven,
1973 3458 2219 3536 Judex
2277 3466 2500 3543 castri
2573 3468 2750 3543 noui

574 3568 843 3641 montis
889 3554 1289 3657 Pestieiisis,
1326 3566 1566 3638 Jurati
1606 3578 1680 3637 et
1720 3567 2041 3641 vniuersi
2083 3566 2300 3643 Ciues
2336 3570 2432 3644 de
2459 3572 2750 3665 eodem,

575 3672 978 3749 memoriae
1019 3668 1662 3762 commendamus,
1717 3668 1924 3772 quod
1945 3674 2098 3747 *viri
2145 3677 2482 3781 prouidi,
2555 3677 2749 3756 Tho-

572 3805 730 3854 mas
766 3797 995 3871 sutor,
1037 3796 1112 3854 et
1136 3775 1529 3851 Zacharias
1551 3795 1951 3867 mercator,
1978 3783 2209 3855 nostri
2230 3785 2610 3878 concines,
2634 3812 2747 3860 co-

573 3914 729 3962 ram
769 3885 982 3960 nobis
1016 3883 1506 3989 personaliter
1542 3884 1962 3981 constituti,
2013 3885 2388 3987 quandam
2442 3890 2744 3967 domum

574 3996 905 4096 ipsorum
929 3992 1005 4064 in
1030 4008 1272 4067 castro
1309 3989 1691 4094 praed-icto
1714 4015 1951 4092 prope
1972 3990 2053 4066 S.
2074 3996 2510 4095 Georgium,
2553 4001 2627 4072 in
2650 4003 2740 4071 vi·

569 4097 990 4176 ciuitatibus
1041 4098 1437 4173 domorum
1494 4096 2127 4175 Reuerendissimi
2173 4101 2250 4175 in
2290 4103 2582 4181 Christo
2608 4104 2739 4177 Pa·

572 4210 700 4281 tris
739 4230 824 4280 ac
863 4206 1161 4279 Domini
1208 4200 1507 4278 Domini
1564 4203 1869 4306 Georgii
1928 4205 2490 4315 Archiepiscopi
2540 4208 2731 4285 Stri-
