2926 4849
2142 466 2202 537 ‘7
2225 476 2254 538 Ι
2281 475 2310 538 l

914 637 947 670 ⁸
1469 637 1478 644 .

229 696 565 755 nostrum
597 679 973 755 hominem
1017 673 1365 752 videlicet
1401 673 1915 755 honorabilem
1953 680 2213 755 Virum
2242 679 2416 754 Ma-

224 785 539 889 gistrum
579 787 924 878 Gallum,
980 784 1265 858 socium
1305 801 1379 860 et
1399 783 2013 863 concanonicum
2052 805 2420 882 nostrum,

224 889 319 966 ad
363 881 906 996 infrascriptam
942 891 1495 994 inquisitionem
1534 889 1944 968 faciendam
1984 911 2239 969 nostro
2281 920 2420 995 pro

222 1000 654 1077 testimonio
689 999 1334 1074 transmisissemus
1372 996 1519 1072 fide
1553 995 1897 1100 dignum:
1938 1000 2074 1104 qui
2118 999 2416 1075 demum

224 1103 496 1182 exinde
532 1106 643 1181 ad
626 1132 799 1181 nos
854 1107 1134 1183 reuersi
1177 1103 1390 1180 nobis
1433 1103 1918 1183 concorditer
1963 1107 2419 1183 retulerunt:

222 1213 507 1302 Quod
486 1218 626 1317 ipsi
662 1209 845 1288 feria
883 1209 1203 1289 secunda
1238 1212 1581 1316 proxima
1617 1229 1786 1288 ante
1829 1213 2102 1290 festum
2141 1213 2419 1289 Natiui-

222 1320 390 1395 tatis
424 1320 507 1394 B.
547 1322 854 1396 Ioannis
900 1305 1308 1425 Baptistae,
1364 1319 1709 1423 proxime
1746 1322 2282 1422 praeteritum,
2338 1320 2419 1397 in

198 1430 599 1503 ‘Comitatu
660 1426 964 1502 Albensi
1025 1427 1240 1502 simul
1287 1423 1818 1529 pnocedendo,
1875 1428 1970 1503 ab
2017 1427 2414 1517 omnibus,

220 1528 600 1613 nobilibus
653 1534 933 1610 scilicet
992 1552 1072 1610 et
1119 1531 1575 1634 ignobilibus
1609 1559 1697 1610 ac
1739 1521 2041 1610 alterius
2089 1533 2448 1634 cuiusuis·

90 1689 104 1696 ·
219 1657 452 1718 status
491 1659 567 1717 et
609 1640 1058 1717 conditionis
1098 1637 1568 1732 bominibus,
1620 1668 1666 1716 a
1697 1640 1973 1743 quibus
2027 1639 2300 1717 decens
2342 1656 2419 1716 et

221 1763 688 1853 oportunum
730 1747 1023 1842 fuisset,
1077 1746 1478 1852 diligenter
1511 1744 1609 1823 de
1641 1746 2192 1853 infrascriptis
2173 1751 2416 1850 mqui-

219 1853 504 1947 rendo,
582 1854 802 1931 talem
856 1855 1397 1960 comperissent
1465 1855 1933 1932 certitudinis
1985 1859 2413 1947 veritatem,

221 1961 608 2067 quomodo
674 1962 1143 2039 Honorabilis
1199 1962 1374 2057 Vir,
1432 1962 1792 2064 Magister
1859 1957 2234 2041 Jobannes
2289 1962 2415 2037 di-

220 2089 382 2146 ctus
421 2068 693 2159 Zeliel‚
753 2072 1180 2147 Canonicus
1213 2068 1587 2146 Ecclesiae
1629 2066 1885 2145 Sancti
1908 2069 2414 2146 NicolaiCon-

220 2176 520 2251 sessoris
566 2194 776 2252 extra
834 2174 1093 2251 Muros
1136 2180 1354 2253 castri
1394 2175 1784 2271 Albensis,
1840 2194 1918 2251 et
1960 2191 2219 2251 rector
2257 2176 2411 2250 Ca-

220 2281 461 2388 pellae
504 2283 698 2359 Bea'ti
737 2282 932 2386 regis
969 2283 1318 2377 Ladislai‚
1373 2282 1463 2358 ad
1503 2281 1691 2358 latus
1730 2284 2031 2360 maioris
2075 2277 2412 2359 Ecclesi-

218 2417 310 2466 ae
364 2391 628 2466 Beatae
710 2389 986 2465 Mariae
1060 2389 1382 2493 Virginis
1441 2386 1948 2494 Albaeregalis
2019 2389 2411 2482 fundatae,

218 2523 518 2599 magnas
554 2497 950 2603 particulas
985 2514 1354 2575 terrarum
1388 2495 1801 2593 arabilium,
1841 2516 2049 2623 prata
2081 2524 2214 2575 seu
2250 2496 2407 2575 foe·

218 2604 442 2698 nilis,
494 2607 686 2681 inter
746 2622 980 2681 metas
1026 2607 1499 2709 possessionis
1550 2606 1889 2729 ipsorum
1942 2602 2124 2681 Dios
2164 2629 2402 2682 voca·

222 2731 390 2799 tae,
445 2711 523 2785 in
578 2712 783 2789 dicto
814 2711 1190 2788 Comitatu
1232 2709 1569 2789 Albensi
1581 2715 1883 2788 existen.
1931 2741 1972 2788 a
2010 2712 2215 2817 plaga
2255 2739 2401 2788 me-

215 2816 559 2894 ridionali
596 2818 960 2895 Ecclesiae
1004 2818 1397 2895 Beatorum
1456 2819 1656 2896 Petri
1696 2836 1774 2894 et
1813 2819 2017 2894 Pauli
2066 2820 2400 2922 Aposto-

214 2925 503 3017 lorum,
561 2927 636 3000 in
682 2925 1007 3025 praefata
1043 2929 1500 3027 possessione
1523 2926 1705 3001 Dios
1737 2927 2221 3021 constitutae,
2277 2952 2400 3002 cu·

212 3036 331 3108 ius
364 3031 515 3105 iam
547 3037 762 3109 tertia
802 3034 1103 3113 instaret
1138 3033 1510 3137 reuolutio
1553 3031 1904 3125 annualis,
1961 3059 2101 3137 pro
2137 3056 2215 3109 se
2237 3035 2401 3136 ipso

213 3154 687 3243 occupasset,
743 3157 1293 3243 occupatasque
1350 3166 1490 3243 per
1537 3137 1990 3240 lobagiones
2027 3156 2108 3217 et
2152 3166 2400 3245 popu·

216 3245 463 3324 l'osde
504 3247 969 3350 possessione
1020 3246 1563 3347 Feney'salcari
1601 3263 1678 3324 et
1710 3245 1904 3321 arari
1935 3245 2228 3323 fecisset
2261 3272 2398 3348 po·

213 3357 446 3429 tentia
476 3353 847 3439 mediante
883 3357 975 3430 in‘
1009 3352 1542 3458 praeiudicium
1576 3351 2011 3430 eorumdem
2052 3354 2400 3429 Domino·

212 3488 384 3537 rum
424 3461 975 3537 cruciferorum
1033 3479 1109 3536 et
1158 3463 1530 3538 Ecclesiae
1585 3459 1938 3536 damnum
1977 3459 2187 3557 valde
2244 3484 2397 3533 ma·

210 3594 466 3675 gnum.
565 3570 832 3645 Datum
893 3572 1210 3673 septimo
1265 3569 1386 3644 die
1423 3568 1574 3643 diei
1627 3567 2126 3668 inquisitionis
2174 3593 2393 3670 prae-

206 3662 480 3751 dictae
576 3678 797 3751 Anno
856 3677 1158 3751 Domini
1221 3676 1614 3753 Millesimo
1672 3674 2394 3783 quadringentesimo

212 3783 597 3887 trigesimo
636 3781 926 3886 quinto.
931 3784 978 3821 “
1016 3790 1021 3797 '

306 3939 351 4001 Ε
396 3934 748 3997 membrana
797 3926 1091 4017 originali.
