2926 4849
2162 505 2311 573 123

1174 709 1431 785 XXVI
1435 765 1453 785 .

250 854 545 904 Cenaeum-5
596 848 989 904 &xer-diensis
1027 862 1193 902 contr
1195 867 1232 901 a
1272 868 1375 901 vsu
1379 850 1688 919 rpaeionem
1740 850 2029 905 Dominae
2069 855 2140 904 Bt
2133 853 2417 907 haelenae

410 942 540 995 Albe
541 955 688 995 reum
724 943 786 993 de
804 945 974 1011 Nagy
987 940 1234 1010 Mihaly,
1265 941 1533 993 Aut-anae
1563 942 1831 998 Pirama,
1851 955 2219 1012 pmteuaeum
2244 946 2412 1016 fuis..

411 1052 507 1104 s,e
534 1032 810 1103 perhibet.
851 1033 915 1085 A.
954 1032 1111 1088 1429-

409 1148 572 1224 Nos
606 1148 1037 1222 Conuentus
1078 1146 1510 1223 Monastef’
1468 1178 1517 1223 n
1557 1147 2078 1224 Sexardiensis
2109 1175 2404 1225 memo·-

218 1256 370 1331 riae
426 1254 1076 1346 commendamus,
1133 1256 1352 1357 quod
1413 1255 1774 1349 Thomas,
1842 1256 2038 1331 filius
2090 1256 2408 1332 ladislai

212 1361 307 1437 de
340 1361 595 1465 Agard
615 1418 638 1452 ,
686 1365 760 1434 in
805 1364 1143 1467 personis
1181 1361 1559 1466 Magnifiei
1593 1380 1669 1438 et
1712 1364 2043 1466 religiosi
2092 1366 2228 1438 viri
2264 1365 2412 1444 Do»

212 1470 393 1546 mini
438 1466 731 1545 Alberti
771 1468 866 1544 de
905 1470 1017 1543 Na
1021 1469 1361 1573 g,m'y'hal
1403 1471 1676 1554 Prioris
1717 1471 2061 1546 Auranae
2096 1489 2176 1545 et
2208 1470 2409 1548 Con*

212 1594 482 1652 uentus
514 1575 1069 1654 cruciferorum
1118 1577 1380 1651 domus
1413 1576 1787 1681 hospitalis
1826 1576 2195 1655 Ecclesiae
2231 1581 2449 1656 Bem-

212 1686 265 1758 ti
309 1688 508 1788 regis
558 1682 919 1789 Stephani
961 1683 1053 1759 de
1087 1682 1322 1779 Alba,
1379 1703 1708 1798 nostram
1750 1685 2244 1790 personaliter
2275 1713 2406 1763 ve·

211 1793 423 1866 niens
484 1796 558 1866 in
611 1793 1105 1896 presentiam,
1164 1817 1301 1898 per
1356 1779 1689 1868 modum
1727 1791 2280 1897 protestationis
2336 1811 2410 1869 et

211 1897 673 1973 inhibitionis
732 1900 949 1973 nobis
1002 1919 1355 1975 curarunt
1398 1899 1808 2001 significare
1857 1904 1933 1975 in
1990 1899 2199 1973 hunc
2236 1923 2406 1975 mo-

210 2004 427 2098 dum,
473 2005 860 2109 quomodo
884 2005 1151 2081 nobilis
1193 2008 1504 2080 Domina
1539 2008 1967 2108 Byckelene
1999 2005 2096 2079 de
2135 2004 2402 2095 Archa,

210 2115 638 2217 portionem
695 2113 1031 2216 ipsorum
1108 2115 1749 2218 possessionariam
1808 2117 1884 2189 in
1940 2114 2405 2236 possessione

212 2218 466 2295 Archa
498 2238 757 2297 vocata
785 2218 1156 2314 habitam,
1198 2249 1238 2293 a
1272 2222 1519 2297 multis
1561 2220 2088 2325 temporibus
2065 2247 2212 2295 iam
2259 2220 2404 2296 iam

210 2329 577 2418 euolutis,
633 2328 877 2403 minus
922 2330 1109 2402 iuste
1141 2342 1215 2401 et
1263 2327 1595 2404 indebite
1640 2330 2101 2434 occupatiue
2120 2352 2265 2434 pro
2323 2349 2403 2402 se

207 2438 362 2540 ipsa
400 2432 854 2521 detineret,
876 2454 1386 2539 occupataque
1419 2456 1800 2531 fieretur,
1857 2438 1951 2513 de
2000 2437 2403 2542 praesenti,

209 2545 545 2647 potentia
583 2543 1002 2637 mediante,
1056 2545 1133 2616 in
1201 2545 1743 2648 praeiudicium
1798 2572 2064 2622 eorum
2132 2566 2206 2619 et
2260 2541 2403 2618 da·-

205 2677 467 2727 mnum
506 2650 716 2724 valde
774 2652 1053 2752 ingens.
1109 2649 1328 2725 Vnde
1391 2653 1585 2728 facta
1647 2652 1805 2754 ipsa
1865 2651 2400 2758 protestatione

206 2758 520 2832 eandem
566 2758 962 2833 Dominam
1002 2777 1077 2834 et
1115 2758 1300 2832 alios
1346 2759 1725 2859 quoslibet
1766 2759 1860 2832 ab
1896 2759 2225 2833 vlteriori
2263 2758 2399 2831 de·

205 2868 542 2941 tentione
577 2883 656 2940 et
717 2867 1190 2973 vsurpatione
1223 2856 1479 2941 dictae
1540 2870 1902 2969 portionis
1961 2863 2401 2941 eorumdem

212 2974 878 3075 possessionariae,
952 2998 1184 3073 seque
1229 2974 1430 3076 ipsos
1481 2977 1555 3046 in
1605 2973 2016 3048 dominium
2064 2973 2400 3063 eiusdem

219 3079 713 3179 quouismodo
756 3081 1346 3171 intromissione,
1404 3081 1698 3181 sibique
1742 3081 1916 3184 ipsis
1958 3081 2399 3183 appropria·

213 3187 415 3261 tione
447 3204 521 3262 et
561 3190 1170 3291 perpetuatione,
1209 3213 1473 3262 vsuum
1522 3186 1903 3262 fructuum
1942 3206 2019 3263 et
2053 3213 2400 3288 quarum-

206 3292 391 3368 libet
470 3298 863 3369 vtilitatum
950 3298 1435 3399 perceptione
1533 3296 1648 3369 vel
1736 3291 2394 3399 percipifactione,

203 3402 823 3505 qualitercunque
863 3399 1065 3477 factis
1109 3400 1225 3475 vel
1266 3399 1526 3475 fiendis
1552 3459 1572 3496 ‚
1624 3402 2000 3505 prohibuit
2032 3397 2398 3478 contradi-

201 3508 440 3584 cendo
474 3526 554 3584 et
591 3508 1045 3583 contradixit
1081 3506 1490 3583 inhibendo
1526 3509 1947 3584 nominibus
1985 3506 2263 3612 quibus
2283 3532 2396 3583 su>

199 3644 374 3719 pra,
437 3614 738 3720 publice
771 3634 846 3688 et
881 3614 1296 3703 manifeste,
1358 3642 1609 3691 coram
1653 3617 1909 3710 nobis,
1948 3617 2206 3690 harum
2245 3627 2391 3689 rio-

197 3740 511 3799 stratum
550 3723 976 3799 testimonio
1012 3723 1398 3805 literarum
1447 3723 1843 3800 mediante.
1904 3726 2176 3799 Datum
2197 3720 2398 3798 Sabe-

200 3828 481 3905 batho
463 3858 538 3905 in
578 3831 768 3905 festo
807 3829 1154 3907 videlicet
1197 3832 1411 3905 Beati
1472 3832 1667 3935 regis
1724 3828 2099 3934 Stephani·
2169 3826 2397 3905 Anno

201 3936 499 4012 Domini
543 3937 934 4012 Millesimo
960 3936 1689 4042 quadringentesimo
1710 3937 2071 4045 vigesimo
2106 3963 2338 4016 nono.
2345 3934 2393 3985 ‘⁸

285 4067 328 4123 Β
359 4062 718 4127 membrana
759 4064 1055 4147 originali
