2926 4849
564 431 829 559 '502'

522 698 752 780 modo
802 696 1238 790 Laurentius
1276 695 1550 773 Comes
1583 694 1678 772 de
1717 694 1947 797 Fayz,
1989 696 2267 773 Blasius
2304 695 2557 775 Lewel
2581 751 2603 788 ‚
2642 713 2728 774 et

523 807 889 909 Georgius
928 803 1120 881 filius
1174 801 1534 881 Anthonii
1564 804 1658 879 de
1693 807 1948 880 eadem
1982 804 2209 907 Faysz
2231 857 2256 892 ,
2313 806 2391 878 in
2451 831 2727 906 magna

522 908 710 988 feria
743 925 994 1007 sexta,
1066 903 1405 1015 proxima
1462 930 1630 986 ante
1686 913 1976 990 festum„
2002 910 2335 986 Paschae·
2365 913 2721 1003 Domini,

520 1025 868 1123 proxime
907 1021 1430 1122 praeteritum,
1500 1043 1592 1094 cx
1630 1022 2147 1096 commissione
2195 1039 2272 1096 et
2335 1018 2722 1094 voluntate

519 1121 1070 1202 Bartholomaei
1112 1124 1356 1200 fratris
1393 1125 1708 1203 carnalis
1776 1127 2083 1228 praefati
2134 1124 2357 1225 Blasy
2410 1122 2719 1218 Lewel,

521 1233 851 1308 Thomae
911 1230 1040 1306 filii
1087 1232 1455 1327 eiusdem,
1537 1232 1863 1307 Simonis
1924 1232 2174 1323 Wad,
2252 1250 2331 1309 et
2385 1231 2721 1307 Thomae

520 1339 653 1418 filii
692 1339 1068 1430 eiusdem,
1110 1335 1485 1430 *Johannis
1523 1340 1854 1444 Philpes‚
1894 1358 1969 1416 et
1987 1341 2385 1433 -Andreae',
2421 1337 2553 1413 filii
2587 1313 2718 1412 Ni-

522 1447 740 1542 colai,
774 1445 902 1521 filii
926 1448 1128 1522 Petri
1164 1445 1329 1541 (hies
1357 1464 1888 1523 enumerantur
1916 1466 2212 1524 centum
2236 1443 2478 1552 prope
2514 1470 2716 1521 com·

508 1553 802 1659 plicum
836 1553 1171 1653 nomina)
1214 1553 1552 1634 manibus
1595 1558 1910 1629 ‘armatis
1967 1571 2046 1627 et
2105 1553 2566 1658 potentini-iis
2615 1551 2719 1626 ad

517 1659 830 1737 fluuium
877 1661 1318 1753 Danubium,
1352 1661 1584 1764 ipsius
1628 1662 2066 1737 Conuentus
2099 1679 2176 1736 et
2212 1658 2536 1759 Capituli
2576 1658 2718 1735 Ec·
2763 1658 2774 1663 ⁶

520 1766 790 1844 clesiae
821 1764 1163 1843 Alliensis
1196 1765 1566 1843 veniendo
1587 1823 1606 1857 ,
1637 1794 1737 1843 eo
1784 1767 1991 1867 quod
2027 1764 2247 1841 iidem
2290 1763 2716 1869 Capitulum

517 1892 595 1951 et
627 1876 1097 1951 Conuentum
1115 1874 1395 1951 dictum
1439 1872 1750 1951 fluuium
1778 1874 2099 1954 Danubii
2140 1876 2547 1978 piscantem
2596 1899 2719 1947 re-

513 1979 932 2091 periendO,
993 1977 1365 2059 omni'sua
1410 1977 1571 2056 sine
1616 1981 1832 2087 culpa
1877 1984 2416 2086 captiuassent,
2473 1973 2722 2083 ¹'capti--

516 2116 851 2193 uumque
890 2086 981 2163 ad
1009 2085 1275 2164 dictam
1306 2092 1962 2193 possessessionem
1984 2089 2076 2162 Fa
2080 2116 2174 2187 yz
2211 2087 2717 2182 abduxissent,

472 2253 475 2258 -
520 2213 597 2274 et
627 2197 721 2270 ab
760 2200 922 2300 ipso
961 2197 1219 2299 viginti
1255 2195 1580 2271 florenos
1621 2214 2096 2298 recepissent.
2153 2195 2265 2270 Eo
2313 2217 2466 2268 non
2515 2217 2719 2269 cou-

522 2303 710 2380 tenti
773 2301 1183 2407 praefatum
1245 2303 1554 2376 Paulum
1598 2302 1888 2409 Egidii,
1958 2302 2123 2377 dire
2182 2299 2583 2376 verher'um
2634 2316 2724 2377 et

519 2409 912 2487 vulnerum
955 2410 1183 2514 plagis
1221 2409 1674 2503 affecissent,
1701 2411 2148 2486 semiuiuum
2190 2410 2724 2512 relinquissent

519 2517 858 2623 potentia
895 2516 1263 2592 mediante
1289 2575 1305 2601 ,
1344 2520 1411 2588 in
1445 2518 1975 2618 praeiudicium
2018 2517 2456 2591 Conuentus
2493 2532 2573 2591 et
2606 2515 2717 2590 di·

525 2623 629 2700 cti
665 2622 1127 2727 Jobagyonis
1184 2623 1294 2697 sui
1333 2623 1865 2700 detrimentum
1935 2642 2011 2701 et
2075 2620 2427 2701 damnum
2461 2652 2464 2655 ¹
2496 2621 2718 2698 valde

522 2754 890 2831 magnum.
924 2730 1294 2831 Factaque
1323 2727 1743 2803 huiusmodi
1777 2728 2257 2834 inquisitione
2300 2727 2718 2833 praefatum

522 2837 1008 2912 Laurentium
1049 2834 1413 2910 Comitem
1457 2834 1551 2911 de
1591 2836 1786 2911 dicta
1843 2839 2079 2939 Fayz,
2153 2837 2246 2911 de
2309 2838 2716 2913 officiolatu

520 2943 801 3018 scilicet
839 2936 1021 3036 suo,
1073 2962 1518 3020 memoratos
1547 2970 1733 3020 vero
1767 2946 2084 3019 Blasium
2113 2943 2366 3022 Lewel
2392 2998 2413 3034 ,
2453 2960 2532 3019 et
2569 2946 2720 3018 Ge·

518 3052 816 3153 or'gium
856 3044 1093 3126 filium
1136 3048 1539 3152 Anthony,
1596 3070 1673 3128 ot
1732 3050 1914 3136 ali-os
1972 3077 2193 3155 supra
2253 3053 2716 3143 nominatos,

523 3160 787 3233 eodem
833 3156 955 3232 die
986 3177 1063 3234 et
1099 3159 1172 3232 in
1203 3154 1394 3232 facie
1426 3156 1620 3233 idem
1643 3155 1890 3233 homo
1929 3166 2178 3258 regins
2213 3158 2414 3233 dicto
2457 3176 2750 3241 nostro-

520 3262 948 3341 testimo'nio
978 3282 1414 3369 praesente,
1494 3262 1912 3363 quemlibet
1962 3292 2227 3341 eorum
2279 3268 2362 3339 in*
2409 3266 2717 3367 portio-

394 3469 403 3477 ἱ
518 3362 629 3445 ηιξ
649 3398 776 3447 sua
802 3373 1365 3473 posscssionaria
1397 3374 1473 3443 in
1494 3372 1960 3475 praescriptis
1981 3370 2563 3476 possessionibus
2587 3398 2719 3448 vo·

518 3482 702 3554 catis
746 3533 767 3571 ,
862 3495 1164 3553 contrra
1232 3497 1724 3559 memoratum
1787 3479 2263 3565 conuentum
2332 3476 2716 3553 Ecclesiae

518 3582 1081 3659 cruciferorum
1124 3583 1219 3658 de
1249 3581 1477 3674 Alba,
1534 3583 1628 3659 ad
1670 3603 1967 3661 octauas
2004 3587 2177 3662 festi
2211 3584 2409 3659 beati
2443 3581 2714 3659 Jacobi

518 3688 865 3793 Apostoli
927 3716 1129 3777 nunc
1189 3692 1520 3783 venturi,
1610 3693 1686 3765 in
1752 3713 2034 3766 vestrae
2119 3690 2714 3795 Magnificentiae

494 3796 1012 3904 *praesentiam
1061 3798 1468 3872 euocasset.
1510 3799 1784 3874 Datum
1815 3804 2076 3903 quinto
2112 3798 2232 3872 die
2273 3799 2424 3872 diei
2471 3800 2716 3899 inqui·

516 3902 797 3979 sitionis
838 3922 917 3978 et
970 3906 1425 3979 euocationis
1473 3907 2035 4007 praedictarum.
2119 3910 2344 3981 Anno
2405 3905 2716 3980 Domini

520 4008 1690 4113 Millesimo'quadringentesimo
1729 4015 2105 4120 trigesimo
2140 4009 2548 4091 secund0.“

583 4139 650 4206 Ἐ
689 4142 1040 4207 membrana
1074 4143 1371 4229 originali.
1432 4122 1451 4139 ⁸
2157 4139 2168 4147 ’
