2926 4849
2127 491 2270 563 1-73

173 699 300 757 m
339 719 443 737 -—
497 719 607 739 -—·
659 716 770 744 --·
809 687 988 762 viee¹
1015 687 1495 790 recaptiuati,
1546 688 2214 775 contradictionem
2264 700 2369 777 fe·

178 793 410 873 uerit,
466 807 543 866 et
576 787 780 867 idem
815 797 890 866 in
936 796 1378 897 presentiam
1419 796 1538 871 sui
1571 797 1617 870 J
1623 796 1853 875 udicis
1885 802 2239 899 ordinarii
2273 806 2369 908 nd

179 915 333 974 tres
367 901 730 973 terminos
770 899 1135 1002 legitimos
1179 918 1256 976 et
1303 901 1623 979 iuridice
1672 908 2071 1009 assignatos
2101 916 2368 1005 euoca-

187 1021 303 1078 tus
346 1043 453 1061 --
500 1046 606 1060 —
639 1024 763 1061 '—·
804 1043 915 1063 —
964 1032 1402 1110 comparere
1461 1012 1843 1105 renuerit,
1878 1016 2211 1119 amplius
2258 1058 2366 1085 -..

182 1146 288 1165 -
313 1147 429 1168 —-
459 1110 883 1189 huiusmodi
924 1115 1902 1214 possessionarie-statutioni
1944 1147 2080 1227 per
2115 1153 2371 1230 quem.

177 1216 375 1320 piam
432 1219 881 1321 recaptiuari
928 1247 1086 1311 non
1143 1221 1339 1297 valet
1397 1225 1981 1309 contradictorie
2035 1216 2366 1321 obuiam.

174 1322 327 1403 Sed
359 1325 770 1424 requisitor
806 1361 908 1379 --
950 1364 1058 1407 -τ-
1087 1369 1193 1384 -
1222 1366 1331 1384 -
1360 1366 1473 1387 --
1508 1332 2098 1419 oontradictione
2135 1339 2370 1443 ipsius

173 1428 668 1509 nihilominus
714 1448 790 1506 et
833 1432 1153 1509 aliorum
1213 1436 1719 1534 quorumlibet
1772 1443 2364 1550 nonobstante,
2430 1494 2467 1527 ·.

175 1541 246 1612 in
296 1537 715 1613 dominium
760 1539 1098 1629 eiusdem
1133 1542 1351 1631 statui
1404 1542 1635 1619 dehet
1672 1563 1899 1649 atque
1935 1543 2360 1651 introduci,

175 1671 316 1747 pro
349 1671 448 1719 eo
483 1647 878 1743 amicitiam
904 1644 1097 1731 ⁴dieti
1127 1645 1445 1750 Capituli
1475 1649 1939 1730 Castriferrei
1970 1693 2081 1715 ·—
2120 1696 2231 1731 —·-,
2255 1704 2367 1725 ...-

173 1769 652 1843 renen-enter,
705 1755 1480 1857 quatenus..ipsorum
1546 1759 1933 1843 mitterent
1984 1762 2377 1857 hominem

174 1884 309 1960 pro
370 1857 1326 1963 testimonio-fidedigoum5
1375 1886 1540 1959 quo
1577 1884 1925 1966 presente
1972 1870 2196 1949 homo
2245 1904 2364 1953 re·

172 1966 329 2066 gius
373 1964 566 2037 infra
619 1963 1160 2059 declarandus,·
1197 1966 1298 2041 de
1354 1966 1577 2044 Curia
1615 1975 1849 2073 Regia
1900 1981 2368 2059 transmissus

168 2071 257 2144 ad
301 2069 575 2146 faciem
613 2067 901 2175 prefate
941 2073 1428 2178 possessionis
1477 2076 1671 2177 Gely
1710 2099 2015 2176 vocate,
2069 2104 2150 2161 et
2192 2116 2368 2167 con-

153 2194 574 2278 sequenter
640 2219 715 2237 -
789 2223 863 2239 -·
937 2220 1010 2243 -ο-
1072 2181 1271 2266 dicte
1324 2184 1689 2285 portionis
1734 2199 2132 2267 memorati
2190 2221 2366 2273 con·

167 2283 333 2359 dam
397 2283 741 2374 Abram,
819 2286 1047 2388 patris
1106 2286 1390 2364 scilicet
1444 2308 1797 2387 annotate
1846 2296 2172 2376 Domine
2233 2303 2363 2379 Ca.

168 2389 453 2467 thet-ine
523 2391 621 2465 ad
684 2417 905 2467 vnum
988 2398 1485 2470 aratrum‘vt‘
1524 2397 1904 2500 prefertur
1969 2432 2048 2482 se
2115 2428 2364 2487 exten.

166 2500 452 2589 dentis,
512 2499 772 2573 vicinis
823 2517 902 2575 et
940 2505 1471 2588 commetaneis
1508 2503 1851 2584 ,eiusdem
1883 2518 2361 2612 possessionis

167 2607 360 2708 Gely
411 2604 606 2682 inibi
649 2605 972 2708 legitime
1025 2609 1573 2690 convocatiset
1626 2617 2101 2715 presentibus
2128 2639 2361 2700 ‘acce-

159 2712 458 2799 dend0‚
516 2710 827 2788 eandem
867 2715 1291 2818 portionem
1340 2740 1512 2791 cum
1563 2723 1846 2820 eunctis
1895 2727 2121 2828 ipsius
2168 2730 2360 2807 utili-

162 2819 438 2895 tatibus
486 2839 563 2895 et
593 2820 1066 2921 pertinentiis
1120 2821 1617 2922 quibuslibet,
1675 2828 2002 2907 antefato
2037 2831 2354 2939 Stepha-

160 2955 258 3003 no
305 2926 462 3001 filio
519 2923 899 3002 Michaelis
944 2925 1083 3029 fily
1123 2946 1475 3020 annotate
1530 2932 1846 3008 Domine
1896 2937 2352 3041 Katherine‚

161 3029 772 3118 contradictione
814 3031 1280 3133 prefatorum
1319 3033 1609 3114 Nicolai
1649 3036 1773 3138 flly
1796 3039 2201 3148 Stephani,
2259 3080 2347 3129 ac

171 3139 486 3216 Domine
518 3141 744 3228 Clare,
768 3141 1133 3218 consortis
1165 3129 1504 3243 prelibati
1541 3142 1922 3223 Michaelis
1969 3192 2061 3212 --
2096 3196 2205 3214 -
2254 3199 2345 3216 --

163 3249 232 3321 in
268 3273 560 3322 causam
600 3263 1121 3342 nummorum,
1165 3263 1243 3321 et
1278 3249 1595 3342 aliorum
1634 3258 2176 3353 quorumlibet,
2219 3289 2347 3340 eo-

157 3380 302 3460 que
344 3373 683 3456 tempore
721 3354 1221 3455 predictarum
1262 3356 1842 3435 Introductionis
1877 3382 1948 3439 et
1980 3362 2346 3446 statutio-

155 3467 265 3534 nis
303 3461 660 3565 pretactis
702 3462 1017 3554 Domine
1056 3459 1465 3538 Katherine
1507 3479 1586 3540 et
1613 3503 1723 3520 -—
1760 3505 1859 3521 -·-
1907 3472 2125 3547 Petro
2182 3475 2338 3553 filio

153 3570 376 3672 ipsius
434 3563 681 3644 fiende
717 3565 986 3645 nullius
1036 3566 1337 3658 alterius
1385 3589 1865 3676 preterquam
1923 3581 2337 3662 eorundem

152 3675 634 3752 inhibiturum
677 3669 1021 3751 obuiarat
1059 3709 1160 3746 -.·
1198 3711 1303 3728 --
1352 3675 1643 3758 obuiari
1684 3708 1835 3755 non
1871 3684 2158 3760 valente
2190 3708 2326 3766 sta·

152 3799 389 3860 tuen-et
428 3781 509 3856 et'
551 3783 1052 3860 committeret
1087 3778 1251 3885 jure
1299 3781 1445 3858 sibi
1482 3809 1578 3860 ex
1627 3789 2000 3890 premissis
2043 3792 2329 3873 incum-

150 3888 353 3980 benti
414 3905 784 3993 perpetuo
864 3888 1399 3990 possidendam.
1513 3890 1613 3966 Et
1675 3909 1841 3994 post
1902 3892 2040 3971 hee
2093 3901 2325 4000 ipsius

153 3996 720 4100 possessionarie
766 3992 1203 4071 statutionis
1235 3997 1506 4079 seriem
1549 4014 1632 4073 ut
1671 4000 1884 4075 fleret
1922 4004 2325 4107 expediens

155 4103 239 4176 ad
283 4119 583 4196 octauas
634 4102 796 4194 festi
839 4100 1036 4179 beati
1077 4101 1385 4204 Georgy
1423 4107 1763 4203 martyris
1818 4125 1995 4184 tuno
2051 4132 2323 4191 ventu-
2408 4109 2419 4120 ’

159 4236 267 4285 ras
296 4208 591 4311 prefato
637 4206 960 4284 Domino
1024 4208 1300 4285 Nostro
1348 4207 1536 4311 Regi
1589 4207 1940 4287 fideliter*
1960 4218 2329 4298 rescribe.

255 4318 463 4391 Tom.
508 4318 607 4391 X.
662 4313 831 4389 Vol.
883 4312 1042 4388 VII.
1851 4325 1947 4397 12
