2926 4849
642 481 793 553 638

533 688 762 764 modo
800 688 1200 791 praemisso
1231 687 1610 790 expositae
1659 701 1830 761 sunt
1864 673 2274 772 maiestati,
2327 683 2730 781 stantibus,

537 794 916 888 dedimus,
987 794 1432 872 domuimus
1501 789 2143 884 escontulimus,
2225 792 2377 868 imo
2431 789 2728 877 damus.

538 904 930 984 donamus,
988 918 1065 974 et
1121 897 1639 991 conferimus,
1691 899 1856 975 iure
1907 915 2274 1001 perpetuo
2323 918 2400 974 et
2451 901 2730 976 irreuo·

538 1008 887 1086 cubiliter
928 1006 1220 1104 tenend.
1256 1005 1627 1112 possiden.
1658 1002 2094 1080 ethabenda
2135 1004 2344 1081 saluo
2364 1007 2528 1081 iure
2566 1007 2731 1083 alie·

538 1144 646 1200 no
695 1115 970 1190 harum.
995 1131 1420 1194 nostrarum
1478 1117 1732 1215 vigore
1770 1123 1853 1189 et
1890 1114 2317 1193 testimonio
2353 1112 2735 1189 literarum

539 1213 933 1306 mediante.
994 1220 1199 1316 Quas
1240 1220 1414 1298 dum
1453 1220 1673 1294 nobis
1707 1220 1789 1295 in
1822 1220 2071 1324 specie
2112 1238 2541 1320 reportatae
2578 1221 2737 1296 fue·

542 1333 733 1419 rint,
805 1330 876 1403 in
944 1326 1265 1406 formam
1327 1331 1558 1402 nostri
1630 1326 1999 1430 priuilegii
2057 1325 2299 1428 redigi
2354 1325 2737 1403 faciemus.

546 1438 817 1512 Datum
854 1436 1150 1512 Posonii
1203 1437 1280 1509 in
1321 1433 1519 1512 festo
1554 1434 1962 1513 Beatorum
2007 1430 2327 1538 Philippi
2359 1453 2437 1510 et
2465 1436 2512 1507 J
2518 1435 2737 1512 acobi

542 1544 1099 1646 Apostolorum.
1158 1542 1381 1615 Anno
1429 1542 1725 1615 Domini
1759 1540 2182 1624 millesimo,
2240 1541 2738 1645 quadringen-

409 1652 414 1658 ’
542 1653 804 1729 tesimo
843 1650 1216 1752 trigesimo
1255 1667 1567 1748 quarm,
1608 1650 2042 1750 Regnorum
2084 1667 2514 1730 nostrorum
2541 1704 2566 1736 ‚
2618 1678 2741 1723 an·

543 1784 643 1832 no
675 1757 1097 1857 Hungariae
1140 1772 1283 1830 etc.
1336 1755 1612 1830 XLIX.
1650 1756 2172 1842 Romanorum
2208 1754 2454 1830 XXV.
2494 1755 2744 1831 Bobe-

541 1865 736 1944 'miae
772 1863 1038 1965 quinto
1067 1859 1406 1956 decimo,
1465 1861 1769 1966 Imperii
1815 1884 1996 1937 vero
2029 1859 2447 1938 secundod‘
2505 1863 2591 1937 L.
2608 1860 2688 1938 S.

605 2009 619 2024 ³
632 1994 719 2052 Ex
763 1985 1018 2050 archiuo
1062 1985 1377 2052 camerali.

1435 2150 1835 2266 ccxclx„

539 2295 694 2350 Idem
723 2296 1119 2369 Sigirmundua
1142 2327 1161 2353 ‚
1198 2297 1412 2350 iudicio
1455 2309 1752 2366 suspecto,
1806 2311 2042 2349 caueam
2108 2295 2187 2348 ad
2246 2294 2503 2349 Iudicem
2541 2293 2749 2351 Ourios

741 2408 879 2446 suaa
913 2392 1224 2475 transmitti
1259 2391 1452 2457 iubety

744 2500 1264 2603 Sigismundus
1304 2505 1441 2579 Dei
1474 2506 1719 2603 gracia
1748 2504 2170 2607 Imperator
2193 2560 2214 2593 ‚
2252 2530 2551 2607 semper
2597 2503 2747 2582 Au·

552 2629 845 2712 gustuS,
883 2634 968 2705 ac
1001 2611 1380 2711 Hungarie
1401 2663 1425 2696 ,
1461 2611 1819 2685 Bohemie
1842 2666 1864 2703 ,
1924 2612 2341 2702 Dalmacie,
2399 2612 2743 2702 Croacie‚

553 2735 694 2793 etc.
753 2718 943 2788 Rex.
1001 2714 1240 2789 Fideli
1305 2736 1557 2805 nostro
1623 2715 2027 2819 Magnifice
2087 2723 2412 2795 Domino
2469 2719 2750 2795 Mathie

551 2824 648 2898 de
692 2822 952 2895 Palocz
984 2819 1527 2926 praefatiregni
1568 2826 1807 2905 nostri
1843 2825 2226 2929 Hungarie
2270 2828 2647 2910 Palatino.
2681 2843 2759 2901 et

550 2956 716 3011 suas
757 2932 834 3003 in
872 2930 1220 3004 Judicatu
1260 2932 1831 3032 vicesigerenti‚
1886 2935 2198 3008 salutem
2255 2952 2332 3009 et
2400 2936 2755 3039 ‘graciam-

558 3038 852 3114 Dicitur
896 3036 1112 3110 nobis
1168 3039 1243 3110 in
1302 3040 1636 3141 personis
1683 3036 2200 3139 religiosarum
2254 3042 2757 3116 Dominarum

555 3145 815 3231 Sancti
855 3142 1286 3218 Moniaiium
1327 3143 1627 3221 claustri
1662 3148 1745 3220 Β.
1776 3145 1908 3218 .Μ.
1970 3148 2064 3221 V.
2103 3146 2196 3221 de
2237 3152 2470 3223 veteri
2513 3146 2753 3236 Euda,

424 3254 432 3263 ’
556 3248 938 3356 quomodo
976 3250 1132 3352 ipse
1178 3266 1255 3324 ω
1310 3251 1389 3325 in
1450 3249 1896 3354 quibusdam
1953 3256 2192 3329 causis
2256 3255 2459 3330 inter
2511 3256 2754 3357 ipsas,

555 3361 650 3434 ab
687 3386 869 3450 vna,
928 3356 1023 3431 ab
1062 3358 1294 3431 altera
1334 3385 1517 3434 vero
1557 3357 1937 3463 partibus,
1985 3387 2332 3438 veneran.
2367 3361 2759 3437 dominum

556 3464 978 3543 Ladislaum
1017 3462 1111 3538 de
1155 3462 1533 3558 Chetnek‚
1609 3465 2213 3547 Gubernatorem
2276 3465 2759 3570 Magistratus

558 3568 1121 3649 cruciferorum
1159 3570 1252 3645 de
1290 3570 1549 3649 calidis
1580 3576 1820 3675 aquis,
1862 3601 2120 3650 coram
2151 3592 2225 3649 te
2269 3577 2761 3675 vertentibus,

449 3772 462 3791 .
556 3679 876 3757 iudicem
917 3677 1314 3753 habuerint
1357 3706 1496 3780 pro
1542 3698 1938 3779 suspecto:
1974 3680 2213 3763 *ande
2259 3707 2432 3756 cum
2474 3685 2551 3755 in
2591 3707 2765 3785 pro-,-

556 3788 814 3863 uinciis
846 3786 891 3858 J
898 3784 1192 3861 udicum
1233 3803 1755 3885 suspectorum
1798 3813 1946 3860 non
1980 3790 2077 3862 sit
2110 3796 2349 3864 tutum
2385 3825 2494 3842 --
2532 3787 2768 3891 litiga-

471 3942 478 3948 ·
557 3896 800 3987 tione·;
857 3891 1029 3967 ideo
1095 3890 1425 3966 fidelitati
1482 3894 1792 3971 Vestrae
1848 3890 2158 3969 firmiter
2216 3900 2767 4000 praecipientes

555 4000 1037 4091 mandamus,
1089 4017 1458 4101 quatenus
1512 3998 1877 4100 praefatas
1929 4029 2184 4078 causas
2252 4006 2448 4076 inter
2514 4023 2766 4102 partes

558 4122 1027 4213 praenotatas
1073 4106 1177 4181 tui
1230 4106 1303 4178 iu
1358 4110 1813 4207 praesentia,
1874 4127 1949 4180 vt
1998 4108 2172 4184 dum
2239 4114 2625 4200 venerint,
2690 4114 2762 4183 in

565 4214 1049 4318 praesentiam
1092 4210 1324 4289 fidelis
1365 4215 1601 4291 nostri
1660 4215 1970 4291 Comitis
2029 4216 2381 4319 Stephani
2438 4218 2754 4299 Bathos,
