2926 4849
656 486 804 557 572

733 693 931 774 Stocb
959 649 1210 762 natione
1235 696 1483 762 silesiae
1504 641 1547 770 ,ὴ
1582 700 1781 785 pati-ta
1819 667 2281 796 Glogoqiensis,
2343 695 2565 763 diuinis
2605 694 2730 760 ha-

733 799 1051 885 manisque
1080 799 1348 864 scientiis
1380 804 1681 869 excultus.
1716 831 1804 851 -
1837 806 2168 868 Ratisbona
2210 801 2539 884 Paconium
2586 802 2726 864 naui

733 906 987 992 pertigit
1011 905 1435 990 sigismundus
1453 953 1476 985 ‚
1537 919 1696 974 teste
1728 912 2062 974 Bartossio·
2104 930 2200 996 ap.
2245 908 2503 973 Dobner
2555 911 2729 972 Mon.

641 1100 647 1110 ‚
733 1019 816 1080 Τ.
861 1018 902 1077 Ι.
947 1037 1009 1098 p.
1054 1015 1201 1076 191.
1245 1024 1340 1077 ast
1365 1037 1492 1077 non
1529 1028 1673 1101 post
1709 1016 2246 1083 circumcisionem
2279 1014 2523 1081 Domini
2564 1035 2729 1077 anno

739 1117 929 1200 14:³52
967 1113 1078 1182 sed
1116 1126 1260 1180 ante
1290 1138 1444 1181 mm.
2014 1145 2017 1148 ¹

1476 1284 1792 1365 CCLXI.

483 1448 489 1453 -
541 1424 934 1498 segtmnaa
967 1427 1044 1481 a.
1072 1427 1151 1480 H.
1194 1389 1470 1504 sads-tw
1507 1427 1572 1480 α.
1606 1422 1915 1482 pameas
1949 1441 2109 1480 arm
2126 1403 2381 1498 ‘gemam
2412 1423 2609 1480 aaa.
2666 1424 2729 1480 A.

741 1513 906 1573 1434.

735 1625 1246 1733 sigismundus
1300 1627 1439 1704 Dei
1484 1630 1717 1731 gratia
1763 1629 2733 1731 Romanorumlmperator

543 1762 848 1843 semper
875 1735 1259 1839 Augustus,
1283 1762 1376 1810 ac-
1401 1733 1825 1838 Hungariae
1844 1791 1866 1829 ,
1903 1734 2303 1814 Bohemiae
2332 1794 2357 1831 ‚
2386 1739 2731 1816 croatiae

545 1863 690 1924 etc.
742 1847 951 1937 Rex,
1010 1842 1146 1919 tibi
1201 1840 1403 1917 fideli
1452 1860 1716 1919 nostro
1762 1839 2153 1929 Ladislao.
2192 1843 2362 1920 *filio
2423 1844 2730 1922 Joannis

547 1947 1061 2045 dicti-Fek'ete
1118 1946 1215 2023 de
1274 1946 1720 2040 Pokatelek,
1801 1948 2143 2026 familiari
2208 1949 2448 2029 fidelis
2496 1952 2731 2028 nostri

543 2055 921 2163 magnifici
981 2057 1287 2160 Georgii
1335 2053 1430 2133 de
1480 2055 1962 2148 Hedrekvar,
2019 2056 2328 2134 salutem
2386 2063 2733 2160 gratiam-

546 2191 697 2267 que
733 2179 1058 2241 nostram
1102 2181 1180 2237 et
1211 2188 1438 2240 omne
1478 2162 1786 2241 bonum.
1844 2164 1912 2239 A
1940 2162 2163 2270 §claro
2201 2164 2481 2241 lumine
2515 2164 2755 2256 thro-5

544 2273 629 2347 ni
657 2270 1056 2346 Caesareae
1092 2287 1218 2346 aut
1249 2271 1530 2374 Regiae
1564 2269 1937 2364 claritatis,
1993 2271 2195 2347 velut
2231 2298 2273 2345 e
2306 2272 2462 2347 sole
2498 2272 2730 2365 radii,

419 2415 426 2424 ·
544 2375 968 2456 nobilitates
1023 2377 1354 2477 legitimo
1391 2380 1550 2452 iure
1591 2375 2049 2481 procedunt.
2103 2396 2181 2455 et
2224 2378 2564 2455 omnium
2604 2404 2732 2456 no-

419 2582 422 2591 *
543 2483 916 2562 bilitatum
949 2484 1258 2585 insignia
1278 2507 1281 2510 ’
1303 2483 1399 2559 ab
1439 2488 1919 2583 Imperatoria
1952 2509 2079 2559 seu
2113 2489 2313 2590 regia
2342 2483 2731 2563 Maiestate

543 2592 653 2669 sic
688 2584 1144 2695 dependent.
1195 2608 1283 2677 *vt
1315 2616 1465 2666 non
1510 2591 1607 2665 sit
1659 2590 1837 2665 dare
1874 2590 2183 2667 alicuius
2222 2595 2730 2696 generositatis

545 2697 876 2800 insigne,
931 2688 1142 2797 quod
1181 2725 1225 2772 a
1259 2696 1547 2801 gremio
1579 2722 1731 2771 non
1773 2697 2132 2803 procedat
2165 2700 2567 2784 Caesareae
2603 2716 2732 2776 aut

545 2807 794 2908 regiae
835 2801 1254 2906 Maiestatis.
1334 2777 1536 2879 Sane
1589 2804 1886 2895 attentis
1933 2819 2014 2880 et.
2067 2805 2548 2883 consideratis
2584 2807 2729 2882 tuis

545 2908 1017 2987 fidelitatibus
1054 2926 1129 2985 et
1157 2906 1500 2986 fidelium
1541 2911 2018 2989 seruitiorum
2064 2913 2398 3009 meritis,
2455 2914 2729 3015 quibus

544 3032 630 3094 tu
666 3014 805 3095 sub
841 3014 1181 3094 locorum
1226 3034 1304 3093 et
1357 3022 1782 3121 temporum
1815 3018 2246 3095 diuersitate
2286 3021 2361 3094 in
2397 3017 2733 3095 nonnul·

543 3122 633 3199 lis
691 3124 964 3201 nostris
1013 3124 1318 3228 agendis
1372 3143 1448 3201 et
1498 3121 2074 3217 exercitualibus
2125 3126 2729 3230 expeditionibus

544 3247 625 3307 et
662 3229 1100 3336 praesertim
1148 3248 1410 3307 contra
1450 3230 1979 3336 perfidissimos
2019 3231 2430 3309 haereticos
2471 3234 2729 3308 Hussi-

545 3353 677 3432 taS,
710 3363 881 3416 cum
921 3362 1077 3410 non
1113 3339 1408 3413 modica
1447 3341 1551 3415 tui
1576 3338 1946 3440 sanguinis
1979 3339 2387 3434 effusionei
2430 3366 2731 3442 semper

540 3443 747 3520 iuxta
773 3463 960 3523 ¹tuae
1001 3444 1498 3546 possibilitatis
1534 3446 2001 3548 exigentiam,
2037 3446 2399 3523 Maiestati
2433 3463 2731 3524 nostrae

461 3554 466 3559 ’
540 3552 904 3643 studuisti,
925 3574 1174 3650 eoque
1213 3551 1620 3629 feruentius
1660 3566 1738 3625 et
1777 3550 2194 3655 diligentius
2228 3553 2731 3658 imposterum

538 3656 908 3753 studebis,
950 3657 1421 3761 complacere
1449 3715 1471 3754 ,
1557 3683 1711 3761 quo
1764 3675 1837 3734 te
1873 3677 1949 3747 et
2007 3676 2177 3736 tuos
2236 3659 2732 3765 singularibus

537 3761 915 3841 bonorum
955 3764 1211 3868 gratiis
1245 3794 1288 3841 a
1328 3782 1582 3841 nostra
1618 3761 2059 3841 celsitudine
2099 3772 2577 3872 conspexeris
2613 3768 2727 3843 fo·

537 3897 622 3948 re
654 3870 1043 3975 insignitos
1067 3928 1090 3969 ,
1141 3872 1283 3969 tibi
1321 3887 1398 3946 et
1437 3900 1575 3976 per
1621 3886 1694 3946 te
1729 3871 1956 3949 Petro
1976 3906 2003 3965 ,·
2050 3871 2278 3948 Paulo
2302 3928 2323 3966 ,
2377 3872 2727 3952 Emerico

537 3996 614 4055 et
650 3977 938 4055 Simoni
974 3978 1332 4055 fratribus
1389 3979 1532 4054 tuis
1572 3978 2036 4076 carnalibus,
2089 3981 2500 4085 vestrisque
2540 3982 2726 4058 bae-

537 4084 844 4164 redibus
894 4103 975 4162 et
1028 4085 1584 4188 posteritatibus
1636 4086 1995 4164 vniuersis
2044 4084 2225 4164 haec
2283 4113 2529 4182 arma,
2593 4113 2727 4166 seu

539 4190 945 4271 nobilitatis
1001 4192 1314 4300 insignia
1338 4243 1366 4284 ‚
1440 4190 1635 4299 quae
1694 4192 1774 4268 in
1818 4191 2233 4300 principio,
2301 4219 2437 4276 seu
2481 4198 2725 4304 capite
