2926 4849
2068 509 2221 606 ⁸¹⁵.
2266 492 2269 497 ’

343 720 612 804 ipsorum
626 716 783 782 vltra
813 717 937 780 Lv.
972 714 1152 779 millia
1171 715 1251 779 ad
1278 716 1463 785 fidem
1496 714 1850 795 reuocauit,
1895 714 2072 792 alios,
2110 714 2318 781 dissol-

237 862 242 867 ι
349 818 553 884 nendo
578 820 846 904 ipsorum
879 816 1312 904 colligationes,
1345 841 1546 904 regno
1574 818 1873 883 excedere
1885 819 2100 903 coegit.
2119 820 2323 887 Wad-

352 923 498 1009 ding
558 923 599 984 1.
643 944 696 984 c.

1040 1119 1454 1199 CCCXCV.

158 1268 388 1338 Bozgon
402 1296 421 1324 ‚
456 1264 762 1335 Episcopus
799 1264 1100 1337 Agr-lensia
1118 1300 1134 1330 ,
1172 1264 1245 1317 ab
1274 1264 1643 1317 uniunt-sitan
1674 1266 1985 1319 Comitatus
2028 1268 2195 1321 Saros
2213 1305 2231 1330 ,
2265 1280 2325 1322 vt

325 1359 681 1435 ‘flander-ann
709 1374 870 1411 suum
905 1357 1052 1410 alere
1086 1359 1311 1427 pouit.
1348 1359 1591 1411 decimas
1620 1356 1735 1431 loge
1756 1360 2154 1430 praescriptas
2171 1394 2191 1420 ‚
2224 1379 2326 1416 nc·-

346 1448 599 1521 3loccae‚
629 1447 1066 1529 percolui-petis.
1104 1446 1170 1499 A·
1206 1443 1363 1500 1436.

356 1555 775 1660 Magnifici,
846 1557 1303 1661 Nobilesque
1347 1555 1551 1650 Viri,
1610 1555 1899 1634 Fratres
1941 1579 2022 1637 et
2079 1561 2329 1637 Amici

164 1666 401 1740 nostri
439 1663 880 1739 honorandi!
929 1664 992 1738 A
1031 1665 1384 1740 memoria
1423 1663 1849 1739 Vestrarum
1894 1664 1952 1738 F
1954 1669 2328 1743 raternita·

167 1790 321 1847 tum
359 1799 504 1845 non
539 1772 908 1847 credimus
942 1771 1313 1866 excidere,
1351 1770 1739 1868 quomodo
1774 1771 2155 1877 dispositio
2173 1775 2331 1849 vni-

164 1904 552 1955 uersorum
582 1878 1073 1953 praelatorum
1111 1894 1186 1952 et
1218 1878 1584 1951 Baronum
1604 1876 1816 1954 buius
1836 1883 2045 1983 regni
2079 1880 2330 1957 decre·

161 1986 316 2086 uit,
374 1984 577 2085 quod
617 1983 960 2073 Decimae
1011 1983 1400 2060 bladorum
1453 1983 1817 2059 Ecclesiae
1861 2003 2196 2083 nostrae,
2252 2004 2331 2064 et

165 2116 306 2195 per
339 2115 800 2190 consequens
841 2090 1051 2164 nobis
1072 2084 1595 2194 proueniantes
1631 2089 1852 2165 Anno
1877 2095 1947 2166 in
1983 2120 2329 2196 praesen·
2434 2166 2447 2173 -

164 2200 222 2274 ti
266 2223 437 2271 cum
466 2196 802 2297 frugibus
840 2199 913 2270 in
949 2198 1195 2298 specie
1224 2252 1243 2290 ,
1299 2215 1425 2271 aut
1471 2220 1608 2299 pro
1632 2198 1981 2299 'qualibet
2036 2202 2331 2302 capecia

167 2321 339 2381 octo
367 2303 706 2378 denarios
744 2303 1039 2378 maioris
1071 2320 1411 2379 monetae
1432 2356 1454 2396 ,
1489 2301 1608 2377 vel
1641 2330 1814 2378 cum
1848 2303 2163 2380 denariis
2203 2314 2327 2381 80.

168 2413 571 2517 praesentis
632 2410 937 2487 minoris
987 2411 1375 2498 Monetae,
1466 2410 1829 2515 Quarting
1884 2413 2381 2517 appellatae,-

166 2516 554 2595 extradere
609 2536 683 2593 et
741 2518 1168 2621 persoluere
1211 2517 1693 2607 debuissent,
1760 2521 1835 2592 in
1891 2545 2060 2592 eum
2111 2519 2333 2596 finem

171 2624 549 2716 videlicet,
639 2623 839 2727 quod
898 2625 1049 2697 Nos
1110 2649 1201 2699 eo
1257 2625 1696 2728 propensius
1748 2641 1821 2699 et
1874 2626 2335 2703 commodius

172 2751 425 2838 gentes
462 2747 747 2806 nostras
782 2729 1262 2806 exercituales
1289 2787 1310 2824 ,
1368 2747 1854 2834 nostrumque
1890 2731 2334 2808 Banderium

174 2856 432 2915 contra
468 2855 546 2913 et
585 2837 938 2913 aduersus
974 2837 1524 2911 nefandissimos
1580 2835 1986 2913 haereticos
2038 2839 2335 2914 Huzitas

171 2945 419 3020 leuare
453 2946 983 3046 potuissemus,
1042 2943 1165 3045 qui
1200 2942 1275 3015 in
1320 2943 1659 3043 ipsorum
1692 2944 2196 3041 pertinacibus
2234 2948 2372 3019 in·-

169 3048 486 3127 sultibus
526 3051 868 3151 Regnum
907 3046 1084 3132 hoc.
1140 3045 1513 3145 fidemque
1547 3045 2079 3143 orthodoxam,
2108 3076 2150 3123 a
2188 3053 2335 3128 Do-

171 3159 375 3232 mino
420 3173 674 3232 nostro
715 3157 896 3229 Jesu
933 3153 1223 3231 Christo
1266 3153 1699 3260 plantatam,
1757 3173 1832 3229 et
1865 3182 1906 3228 a
1938 3154 2335 3233 Sanctissi-

175 3266 309 3338 mis
344 3261 642 3362 regibus
682 3261 896 3336 huius
932 3264 1140 3363 regni
1184 3261 1454 3336 deuote
1491 3281 1945 3365 susceptam,
1999 3281 2075 3338 et
2127 3263 2335 3339 radi-

177 3387 408 3445 catam
449 3368 718 3443 cotidie
746 3365 1103 3446 demolire
1143 3384 1217 3443 et
1251 3366 1734 3470 perturbare,
1770 3393 1918 3443 non
1958 3369 2335 3460 desistunt,

171 3478 399 3551 immo
441 3475 579 3549 nisi
624 3471 1015 3579 praedictis
1050 3469 1435 3550 haereticis
1477 3502 1695 3550 manu
1734 3491 1811 3550 et
1847 3477 2168 3581 potentia
2198 3504 2337 3553 va-

174 3580 425 3658 lidiori
483 3583 968 3672 occurratur,
1041 3579 1487 3684 peramplius
1554 3599 1627 3655 et
1685 3585 1760 3655 in
1815 3586 2212 3687 posterum
2242 3581 2340 3659 ad

173 3687 546 3765 deteriora
581 3686 795 3763 huius
846 3691 1056 3787 tegni
1094 3704 1166 3762 et
1203 3686 1375 3761 fidei
1406 3687 1826 3764 Catholicae
1858 3689 2339 3794 impedimenss
2456 3725 2463 3738 ·

170 3813 290 3885 ta,
330 3814 406 3871 et
437 3794 910 3869 incommoda
942 3792 1278 3896 prosilire
1313 3794 1837 3873 machinantur.
1880 3797 1973 3871 Et
2010 3796 2182 3874 licet
2204 3823 2340 3874 nos

175 3899 596 4005 praefatum
654 3917 980 3975 nostrum
1019 3899 1501 3984 Banderium,
1558 3920 1635 3978 et
1668 3921 1922 4005 gentes
1960 3906 2340 3980 exercitu·-

173 4021 386 4084 antes
438 4004 780 4084 habendo
834 4033 1044 4110 spem
1108 4012 1180 4082 in
1233 4006 1428 4081 dicta
1476 4010 1842 4086 solutione
1887 4009 2342 4088 decimarum

179 4113 450 4206 modo,
503 4133 583 4189 vt
617 4113 1036 4219 praefertur
1062 4170 1083 4208 ,
1141 4111 1379 4189 fienda
1402 4169 1424 4204 ,
1460 4114 1687 4193 modo
1723 4115 2013 4193 meliori
2055 4136 2133 4196 et
2168 4144 2343 4223 pro·

178 4223 510 4326 pensiori
548 4248 771 4324 quam
806 4219 1102 4299 solitum
1145 4219 1401 4297 fuisset
1430 4276 1446 4304 .
1502 4248 1656 4298 non
1708 4222 2343 4326 parcendorebus
