2926 4849
700 517 848 582 ⁷22

588 721 680 794 de
719 715 954 791 verbo
997 709 1087 785 ad
1146 706 1449 783 verbum
1494 700 1880 780 transcribi
1926 716 2003 774 et
2057 697 2406 773 transumi
2460 692 2763 780 facere,

588 845 661 900 et
704 842 997 898 tenores
1039 811 1470 893 earumdem
1509 804 2015 915 praesentibus
2058 802 2283 877 literis
2322 804 2595 875 nostris
2636 801 2760 874 in·

587 948 815 1006 sertas
849 927 1088 1004 eidem
1127 919 1471 995 duximus
1515 910 2065 1003 concedendas,
2124 910 2497 984 communi
2539 910 2765 981 lusti·

584 1040 680 1114 tia
721 1036 1130 1111 obseruata.
1194 1029 1460 1102 Datum
1502 1021 1685 1096 feria
1727 1022 1979 1124 quinta
2017 1019 2350 1122 proxima
2410 1033 2586 1118 post
2639 1015 2760 1089 fe-

585 1161 777 1219 stum
822 1124 1218 1216 Beatorum
1262 1131 1461 1206 Petri
1517 1145 1590 1202 et
1653 1127 1849 1204 Pauli
1912 1122 2473 1225 Apostolorum.
2536 1125 2764 1196 Anno

592 1251 888 1323 Domini
924 1242 1322 1321 Millesimo
1363 1232 2082 1341 quadringentesimo
2132 1231 2505 1329 trigesimo
2541 1229 2764 1329 quin-

580 1359 727 1432 to.“

668 1487 712 1544 E
746 1477 1096 1542 membrana
1124 1471 1413 1555 originali·

1379 1643 1938 1722 CCCXXXIX.

578 1797 893 1871 Capitulum
930 1765 1163 1847 Albense
1195 1791 1255 1840 de
1295 1786 1608 1839 sectatione
1633 1797 1811 1836 utrae
1847 1781 2035 1834 Archa
2054 1779 2082 1842 ,'
2124 1795 2175 1832 et
2207 1783 2467 1849 pot-nime
2501 1795 2759 1848 posses,

764 1889 1033 1947 donatia
1066 1886 1183 1953 fyr
1205 1900 1318 1953 pro
1359 1876 1674 1948 cruciferis
1722 1875 1783 1928 de
1835 1874 1976 1926 Alba
2024 1886 2298 1942 occupata
2318 1903 2336 1929 ‚
2391 1872 2760 1944 &gismundo

769 1984 841 2034 R.
880 1984 956 2033 Η.
995 1974 1267 2031 rescribit.
1306 1970 1375 2024 A.
1420 1965 1576 2022 1435.

769 2089 1258 2169 Serenissimo
1291 2082 1627 2187 Principi
1662 2079 1985 2156 Domino
2024 2074 2502 2181 sigismundo
2527 2130 2552 2170 ,
2621 2078 2764 2151 Dei

581 2205 850 2305 gratia,
890 2202 1419 2290 Romanorum¹
1446 2188 1875 2291 Imperatori
1919 2211 2212 2289 semper
2255 2185 2637 2284 Auguste,
2679 2211 2765 2258 ac

584 2307 1004 2410 Hungariae
1029 2359 1050 2399 ,
1107 2298 1538 2380 Bohemiae,
1596 2293 1995 2367 Dalmatiae
2020 2347 2040 2385 ,
2078 2292 2411 2366 Croatiae
2450 2307 2600 2365 etc.
2658 2317 2767 2366 re-

586 2417 702 2520 gi,
757 2412 1080 2488 Domino
1120 2409 1453 2512 ipsorum
1490 2401 1848 2505 gratiosO,
1905 2395 2328 2502 Capitulum
2383 2396 2769 2473 Ecclesiae

476 2580 485 2593 .
560 2521 929 2598 Albeusis
972 2516 1341 2595 orationes
1379 2514 1453 2584 in
1494 2509 1818 2583 Domino
1854 2524 2212 2610 perpetua
2241 2531 2409 2579 cum
2452 2501 2768 2578 fidelita-

593 2647 689 2704 te.
748 2626 1007 2699 Vestra
1054 2620 1348 2694 nouerit
1390 2614 1759 2690 Serenitas
1786 2667 1812 2701 ,
1875 2609 2072 2715 quod
2127 2636 2295 2686 cum
2339 2635 2473 2686 nos
2530 2637 2766 2687 rece-

593 2734 737 2838 ptis
757 2731 978 2804 literis
1003 2721 1375 2827 Magnifici
1400 2722 1564 2794 Viri
1583 2719 1890 2794 Comitis
1916 2718 2242 2818 Mattyus
2284 2717 2376 2791 de
2414 2715 2769 2795 Palloucz

592 2835 871 2933 Judicis
907 2832 1171 2908 Curiae
1211 2832 1520 2904 Vestrae
1560 2828 1956 2901 statutoriis
2002 2829 2280 2927 pariter
2310 2840 2387 2898 et
2418 2850 2770 2929 occupa-

596 2946 805 3021 toriis
847 2966 983 3046 pro
1022 2955 1230 3045 parte
1269 2933 1589 3035 religiosi
1613 2931 2046 3007 Conuentus
2066 2930 2633 3007 cruciferorum
2672 2932 2768 3007 de

598 3051 831 3139 Alba,
888 3065 1148 3123 contra
1192 3042 1589 3116 Albertum
1620 3038 1852 3113 filium
1894 3055 1967 3112 et
1995 3037 2314 3112 nobilem
2370 3036 2768 3115 Dominam

602 3157 1003 3233 Susannam
1056 3167 1435 3239 vocatam,
1526 3146 1854 3221 relictam
1911 3141 2328 3247 Bychkele,
2393 3143 2490 3220 de
2547 3145 2769 3223 Ewrs

602 3263 953 3340 emanatis
1005 3276 1079 3332 et
1136 3255 1531 3345 confectis,
1622 3249 1835 3328 nobis
1889 3251 2365 3326 amicabiliter
2420 3250 2767 3338 directis,

603 3374 800 3446 iuxta
834 3391 1145 3468 quarum
1185 3361 1711 3437 continentiam
1738 3386 1881 3432 vna
1919 3385 2084 3434 cum
2131 3358 2485 3461 Magistro
2524 3358 2767 3435 Bene·

607 3475 812 3552 dicto
849 3472 941 3545 de
976 3466 1416 3566 Azz‘ymelch
1457 3465 1553 3564 (ἲ)
1611 3484 1889 3542 vestrae
1932 3463 2363 3539 serenitatis
2418 3465 2767 3557 homine,

609 3585 684 3657 in
722 3580 983 3658 iisdem
1016 3576 1244 3651 literis
1278 3575 1497 3677 ipsius
1539 3574 1843 3648 Comitis
1906 3570 2280 3672 Matthyus
2337 3577 2769 3649 nominatim

610 3711 1009 3792 expresso,
1069 3701 1397 3758 nostrum
1448 3680 1856 3774 hominem,
1930 3676 2272 3754 videlicet
2332 3679 2771 3757 Michaelem

611 3792 843 3871 Chori
880 3789 1244 3866 Ecclesiae
1293 3804 1585 3879 nostrae
1628 3787 1998 3861 Clericum
2025 3841 2045 3880 ,
2083 3784 2174 3859 ad
2221 3784 2771 3893 infrascriptam

489 3942 495 3949 ·
609 3896 1246 4006 possessionariam
1289 3893 1849 3968 restatutionem
1900 3911 1975 3967 et
2022 3891 2595 3996 occupationem
2653 3897 2767 3971 fa·

611 4006 947 4111 ciendam
968 4022 1221 4079 nostro
1257 4028 1395 4105 pro
1425 4000 1840 4075 testimonio
1869 3999 2207 4075 duximus
2228 3998 2768 4078 destinandum

611 4113 944 4189 Tandem
980 4109 1200 4212 ydem
1243 4108 1414 4182 inde
1453 4105 1543 4180 ad
1588 4132 1723 4181 nos
1757 4098 2046 4181 'reuersi
2087 4106 2299 4183 nobis
2358 4110 2766 4187 concordi-

609 4235 724 4296 ter
758 4214 1216 4307 retulerunt,
1274 4212 1481 4316 quod
1519 4213 1658 4315 ipsi
1718 4209 1901 4287 feria
1956 4218 2165 4289 tertia
2219 4215 2558 4317 proxima
2607 4235 2764 4320 post
