2926 4849
778 479 929 565 864
1045 454 1052 461 ”

669 701 1040 780 dictorum
1071 718 1465 778 nautarum
1494 690 1531 788 ,’
1571 728 1801 807 super
1848 699 2266 808 praemissis
2318 698 2504 773 meri
2549 694 2697 768 iuris
2737 710 2780 763 a

668 808 1024 904 iustitiae,
1080 834 1168 886 ac
1209 806 1508 888 debitae
1551 808 2070 887 satisfactionis
2106 805 2697 910 complementum
2722 815 2780 872 tr

667 916 839 991 liter
893 933 993 993 et·
1027 914 1214 991 adeo
1279 915 1717 1023 impendere
1775 933 1851 991 et
1889 912 2245 991 exhibere
2290 913 2597 1003 debeas,
2643 902 2779 1009 quod
2826 904 2827 945 ³

669 1021 950 1099 eisdem
995 1022 1423 1127 Praeposito
1471 1042 1548 1100 et
1586 1024 1933 1128 Capitulo
1982 1020 2077 1095 de
2125 1039 2428 1096 caetero
2474 1044 2604 1121 pro
2634 1012 2779 1088 d'efe·

670 1147 794 1206 ctu
830 1132 1145 1207 iustitiae
1177 1158 1327 1205 non
1362 1133 1456 1206 sit
1485 1142 1827 1225 necesse,
1884 1144 2209 1204 nostram
2254 1127 2601 1200 infestare
2629 1121 2778 1194 Maie-

670 1252 957 1313 statem.
1014 1239 1107 1311 Et
1142 1235 1345 1312 aliud
1388 1265 1537 1312 non
1583 1237 1911 1313 facturus
1951 1236 2026 1309 in
2083 1235 2531 1337 praemissis.>
2592 1230 2778 1303 Datum

672 1341 950 1448 Pragae
995 1344 1072 1416 in
1108 1342 1301 1419 festo
1337 1346 1478 1419 ΒΒ.
1527 1342 1838 1447 Philippi
1884 1360 1960 1417 et
2005 1342 2272 1418 Jacobi
2305 1337 2773 1444 Apostolorum.

670 1450 894 1525 Anuo
943 1451 1244 1523 Domini
1285 1448 1895 1526 MCDXXXVII.
1954 1451 2769 1552 Regnorum-nostrum

601 1610 602 1615 κ
670 1582 867 1631 anno
919 1558 1342 1659 Hungariae
1384 1576 1524 1633 etc.
1586 1556 1704 1633 LI.
1764 1562 2273 1634 Romanorum
2336 1551 2641 1629 XXVII.
2682 1545 2775 1618 Bo-

672 1661 957 1755 hemiae
993 1663 1235 1739 XVII.
1294 1665 1596 1770 Imperii
1647 1691 1825 1739 vero
1863 1663 2212 1769 quarto.“

757 1791 846 1850 Ex
882 1787 1314 1872 authographo
1351 1787 1587 1852 archiui
1627 1787 1973 1852 cameralis.

1557 1975 1977 2052 CDXXXI.

672 2116 823 2170 Idem
854 2116 1251 2189 sigismundus
1280 2115 1462 2170 Paulo
1493 2113 1673 2198 Rdnfi
1710 2120 1772 2169 de
1807 2114 1945 2171 Also'
1992 2117 2246 2174 Lindus,
2279 2116 2604 2187 Agazonum
2628 2119 2773 2161 suom

863 2209 1188 2280 Magistro,
1225 2207 1502 2262 celebrato
1541 2210 1731 2279 ipsius
1773 2210 1896 2279 iugi
1937 2208 2175 2262 seruitio
2204 2205 2385 2273 fideli
2404 2240 2423 2264 ,
2461 2199 2769 2256 casertan&-
2826 2272 2827 2277 Ἰ

862 2296 1098 2350 londocz
1141 2298 1209 2350 in
1235 2299 1549 2368 praemium
1586 2296 1825 2366 confit-e.
1865 2295 2137 2352 A.'1437.

865 2411 1022 2492 Nos
1058 2410 1574 2515 sigismundus
1617 2412 1760 2488 Dei
1796 2413 2027 2514 gratia
2067 2412 2579 2487 Romanorum
2612 2406 2766 2505 Impe

670 2539 881 2598 rator
937 2544 1233 2624 semper
1289 2513 1659 2620 A'ugustus
1712 2547 1797 2595 ac
1856 2521 2319 2621 Hungariae,
2419 2514 2764 2594 Bohemine,

670 2627 1118 2720 Dalmatiae,
1176 2625 1522 2702 Croatiae
1566 2644 1706 2700 etc.
1753 2628 1965 2718 Rex,
2020 2628 2430 2701 memoriae
2470 2642 2761 2699 commen·

671 2731 925 2807 damus
963 2747 1226 2807 tenore
1263 2734 1760 2836 praesentium
1802 2734 2072 2835 quibus
2115 2732 2429 2837 expedit
2464 2723 2756 2807 vniuersis:

672 2838 903 2929 Quod
945 2864 1118 2929 nos,
1158 2841 1363 2916 cuius
1407 2837 1808 2943 imperialis
1847 2859 2074 2942 atque
2113 2840 2380 2932 regalis
2413 2826 2762 2939 magnitudi-

669 2948 785 3023 nis
837 2944 1154 3048 dignitas
1192 2945 1268 3020 id
1312 2947 1776 3050 expostulat,
1834 2975 1921 3022 ac
1979 2949 2302 3022 officium
2358 2943 2679 3049 requirit,
2716 2949 2764 3005 vt

671 3053 1132 3159 singulorum
1169 3052 1387 3129 nobis
1421 3051 1740 3129 fideliter
1772 3053 2352 3156 obsequentium
2400 3051 2638 3128 merita
2667 3039 2763 3115 ani·

669 3187 798 3242 mo
836 3159 1234 3235 metiamur
1272 3160 1615 3264 pietatis,
1651 3177 1724 3237 et
1753 3158 2150 3266 hys,'quos
2193 3187 2432 3266 opera
2466 3181 2621 3234 suae
2649 3147 2763 3225 fide·

668 3265 891 3348 litatis
946 3268 1177 3370 regali
1233 3270 1829 3343 remuneratione
1899 3268 2162 3371 dignos
2223 3270 2584 3354 efficiunt,
2625 3270 2761 3373 gul?

537 3391 578 3414 ²
670 3371 945 3451 debeat
980 3373 1297 3451 reddere
1328 3374 1613 3478 premia
1648 3377 2087 3450 meritorum
2109 3432 2131 3471 ‚
2169 3393 2532 3477 quatenus
2560 3369 2671 3458 hoc
2698 3386 2759 3432 vl·

667 3506 754 3556 so
794 3479 1012 3557 nobis
1044 3480 1357 3559 subiecti
1391 3480 1758 3559 fideliores
1801 3480 2248 3577 reddantur,
2306 3496 2385 3556 et
2419 3480 2510 3555 ad
2545 3469 2750 3552 fidelia

666 3591 759 3666 tis
802 3611 1034 3691 opera
1073 3589 1491 3664 exercenda
1531 3587 1878 3665 obnixius
1914 3590 2336 3665 incitentur.
2397 3582 2746 3695 Considerff‘

668 3695 759 3770 tis
795 3712 871 3770 et
913 3695 1313 3799 perspicaci
1351 3694 1827 3773 meditatione
1869 3697 2222 3774 in'nostri
2257 3693 2503 3770 cordis
2525 3702 2749 3765 armano

561 3839 566 3846 ·
664 3799 1053 3878 recensitis
1079 3808 1291 3880 variis
1321 3821 1401 3879 et
1422 3803 1878 3879 multimodis
1920 3799 2389 3879 fidelitatibus
2417 3819 2489 3876 et
2515 3793 2753 3874 fidelium
2826 3895 2827 3900 Ἰ

663 3909 1162 3986 seruiciorum
1222 3905 1661 3988 extollendis
1723 3911 2048 4006 meritis,
2121 3909 2467 3986 virtuosis
2503 3902 2677 4009 gestis
2702 3914 2753 4012 {c

663 4016 969 4091 sinceris
1011 4018 1567 4123 complacentiis
1608 4016 1841 4093 fidelis
1882 4018 2116 4094 nostri
2169 4015 2530 4117 Magnifici
2585 3997 2751 4083 Paulls

663 4120 794 4196 filii
825 4122 1204 4224 quondam
1238 4124 1592 4230 Stephani
1613 4179 1638 4219 ,
1672 4125 1805 4201 filii
1842 4125 2018 4201 olim
2053 4125 2235 4199 Bani
2279 4124 2372 4199 de
2406 4101 2749 4198 Alsa-Lind-

669 4245 785 4305 wa
809 4282 835 4324 ‚
867 4229 1194 4336 Magistri
1226 4233 1658 4339 Agazonum
1681 4250 1941 4310 nostre
1975 4233 2397 4324 Maiestatis,
2431 4255 2555 4335 per
2579 4223 2748 4325 ipsum
