2926 4849
2034 448 2182 518 795

97 671 433 732 nostrum
470 652 1015 762 beneplacitum
1052 660 1607 753 constituimus,
1665 658 1977 737 facimus
2016 673 2098 734 et
2150 655 2292 733 de-
2408 671 2412 677 '

97 779 464 870 putamus.
522 766 900 853 Quocirca
953 764 1390 849 discretioni
1453 786 1627 846 tuae
1690 792 1861 871 per-1
1881 765 2294 870 apostolica

95 871 381 975 scripta
422 869 898 966 mandamus,
957 874 1087 949 tibi
1119 875 1198 949 in
1236 876 1750 951 remissionem
1809 890 2295 977 peccatorum

94 978 610 1079 iniungentes,
689 995 1050 1082 quatenus
1104 982 1182 1055 in
1242 979 1592 1056 charitate
1647 980 1835 1072 Dei,
1902 977 2295 1054 bominum
2386 1030 2391 1037 .

95 1087 372 1160 timore
430 1086 885 1188 postposito,
990 1088 1335 1192 spiritum
1411 1086 1872 1164 fortitudinis
1942 1086 2295 1177 induens,

94 1190 565 1296 praedictum
601 1193 1095 1293 inquisitionis
1132 1197 1454 1271 officium
1487 1190 1832 1297 inregno
1861 1206 1939 1268 et
1963 1189 2301 1295 partibus

91 1296 540 1403 praedictis,
598 1315 828 1403 prout
862 1302 1046 1377 tanti
1087 1301 1380 1403 negocii
1426 1301 1693 1378 vtilitas
1726 1296 2105 1386 suadebit,
2147 1294 2294 1373 sub

93 1432 236 1510 spe
289 1402 658 1482 mercedis
714 1420 1060 1489 aeternae
1081 1463 1103 1501 ,
1191 1411 1296 1485 sic
1348 1409 1746 1485 efficaciter
1796 1409 2156 1511 prosequi
2206 1428 2299 1509 ac

93 1512 382 1615 exequi
416 1512 715 1606 studeas
742 1567 765 1606 ,
820 1512 1237 1614 diligenter,
1270 1531 1352 1590 vt
1387 1541 1527 1618 per
1566 1512 2083 1592 sollicitudinis
2122 1531 2296 1589 tuae

97 1615 555 1723 diligentiam
599 1619 812 1695 radix
847 1622 1229 1720 prauitatis
1269 1620 1693 1726 praedictae
1732 1621 2028 1724 penitus
2076 1618 2293 1696 euel-

98 1726 338 1817 latur,
388 1741 465 1799 et
503 1726 714 1803 vinea
755 1727 1060 1804 Domini
1111 1725 1489 1819 Sabaoth,
1563 1726 2065 1804 exterminatis
2118 1724 2295 1819 inde

97 1828 511 1936 vulpeculis
535 1888 559 1926 ‚
589 1834 906 1936 '‘sructus
942 1835 1213 1912 vberes
1259 1832 1550 1941 adferat
1580 1830 1987 1912 eutholieae
2013 1835 2295 1937 ,purita-

97 1939 220 2012 tis.
265 1940 350 2013 ln
385 1932 807 2015 huiusmodi
850 1943 1166 2044 negocio
1194 1967 1681 2045 processurus
1704 1958 1857 2018 tam
1882 1939 2297 2016 secundum

100 2043 596 2149 indulgentias
627 2065 703 2122 et
719 2046 1108 2150 priuilegia
1133 2046 1695 2147 inquisitoribus
1709 2047 2094 2150 prauitatis
2108 2050 2296 2123 eius-
2422 2106 2428 2115 .

98 2149 323 2244 dem,
434 2153 707 2228 raesata
748 2157 1190 2233 auctoritate
1228 2154 1640 2258 apostolica
1696 2153 2109 2258 deputatis,
2162 2179 2295 2228 seu

99 2259 348 2333 officio
436 2259 807 2334 uiusmodi
844 2259 1341 2364 inquisitionis
1368 2260 1465 2336 ab
1501 2259 1763 2338 eadem
1790 2259 1965 2338 sede
1987 2283 2296 2337 conces·

100 2390 188 2440 sa
214 2421 235 2459 ,
272 2370 496 2469 quam
538 2367 760 2443 etiam
786 2368 1196 2444 secundum
1233 2372 1627 2447 canonicas
1670 2368 2106 2446 sanctiones.
2157 2365 2297 2443 Per

101 2472 529 2550 huiusmodi
570 2490 815 2549 autem
857 2473 1462 2578 deputationem,
1521 2477 1617 2551 de
1654 2494 1779 2555 tua
1837 2498 2156 2579 persona
2216 2475 2295 2548 in

100 2580 526 2658 huiusmodi
565 2581 809 2656 officio
849 2606 990 2684 per
1027 2607 1163 2659 nos
1202 2579 1474 2659 factam
1497 2639 1520 2678 ,
1592 2581 1933 2659 locorum
1983 2580 2297 2657 ordina-

102 2687 280 2781 riis,
335 2714 489 2790 quo
527 2688 767 2765 minus
795 2687 941 2792 ipsi
975 2689 1475 2794 inquisitionis
1512 2692 2089 2792 officium‘super
2125 2686 2295 2762 labe

103 2793 526 2899 praedicta,
579 2812 807 2897 prout
845 2791 1109 2870 volunt
1149 2795 1391 2871 dietae
1449 2797 1917 2884 Canonicae,
1972 2818 2296 2871 exerce-

103 2928 200 2976 re
241 2899 570 2993 valeant,
630 2918 707 2973 et
741 2898 1171 3002 praedictis,
1209 2903 1325 2975 vel
1363 2900 1932 3005 quibuscunque
1964 2900 2119 2975 aiiis
2149 2901 2297 3001 pri-

105 3007 439 3110 uilegiis,
494 3023 620 3081 tuo
662 3005 912 3084 ordini
937 3008 1060 3081 vel
1096 3006 1661 3109 inquisitoribus
1701 3007 1816 3083 vel
1860 3006 2105 3080 ossicio
2148 3030 2297 3079 me·

101 3115 464 3208 moratis,
497 3114 558 3188 si
593 3140 785 3216 quae
824 3132 996 3190 sunt
1029 3114 1138 3188 eis
1180 3140 1221 3186 a
1263 3111 1460 3190 dicta
1498 3110 1674 3189 sede
1710 3137 2099 3202 concessa,
2141 3109 2299 3185 nul-

102 3222 271 3297 lum
312 3219 652 3296 volumus
693 3220 1238 3325 praeiudicium
1281 3221 1646 3323 generari.
1705 3222 1978 3294 Datum
2038 3220 2296 3295 Bono-

95 3329 323 3426 niae,
378 3353 575 3402 anno
617 3326 1152 3422 Incarnationis
1191 3328 1494 3403 Domini
1524 3326 2103 3403 MCDXXXVI.
2163 3326 2301 3400 XI.

93 3435 247 3513 kal.
290 3430 766 3539 Septembrit.
820 3432 1299 3512 Pontificatus
1344 3435 1585 3512 nostri
1624 3460 1821 3510 anno
1860 3430 2145 3508 VI-o.“
2238 3449 2249 3460 ”

135 3603 144 3614 ·
190 3559 381 3647 Apud
408 3557 693 3625 Fridrieh
716 3558 875 3623 ΗΜ.
918 3557 1210 3628 Prouinc·
1239 3560 1575 3628 saluatoris
1600 3583 1672 3646 p.
1707 3561 1766 3618 7.
1810 3567 1877 3622 et
1906 3557 2072 3670 apud
2092 3555 2299 3624 Wad-

465 3849 474 3857 «
884 3809 1502 3888 cchxxvm.

91 3954 261 4011 Idem
290 3955 451 4025 Papa
487 3951 568 4005 ad
597 3966 796 4022 preces
827 3950 1033 4004 Jacobi
1080 3953 1143 4005 de
1171 3953 1444 4007 Mat-chia
1480 3955 1541 4007 in
1576 3953 1917 4025 Hungariae
1947 3952 2133 4024 regnis
2170 3950 2290 4002 tria

300 4024 445 4151 12301
452 4041 576 4154 ἔὸνέ
609 4021 914 4077 Fratribus
966 4025 1294 4079 Minoribus
1336 4029 1391 4079 S.
1431 4026 1751 4079 Ranoisci
1794 4024 1972 4142 reee‘pi
2019 4020 2295 4138 indulget.

301 4191 677 4294 Eugenius
712 4204 852 4268 etc.
891 4191 1186 4270 Dilecto
1223 4175 1441 4286 Filio,
1470 4187 1761 4268 Jaoobo
1793 4134 1904 4268 de·
1935 4183 2290 4271 Marchia,
