2926 4849
2089 488 2258 589 2679
2352 480 2364 492 ·

181 704 553 798 aemulos,
598 701 933 781 'Domino
975 691 1439 780 exercituum
1471 699 1912 792 adiuuante,
1970 703 2157 778 inito
2196 697 2371 790 cum

181 809 471 886 eisdem
514 826 585 885 et
629 813 1024 887 commisso
1073 810 1429 887 bellicoso
1477 808 1870 901 conflictu,
1927 824 2003 884 et
2035 807 2372 883 laborio-

181 942 269 993 so
315 918 718 993 certamine
773 920 848 991 in
897 914 1145 1020 fugam
1189 913 1750 1011 conuertenda,
1805 914 2142 1020 plurimis
2183 940 2274 989 ex
2316 917 2372 988 '1-

181 1026 335 1128 psis
406 1026 483 1098 in
534 1049 667 1097 ore
718 1021 937 1128 gladii
996 1024 1268 1117 caesis,
1342 1023 1771 1127 prostratis,
1826 1041 1900 1099 et
1956 1020 2377 1123 captiuatis,

181 1132 597 1234 gloriosum
631 1129 727 1207 de
768 1128 1046 1205 eisdem
1087 1149 1165 1207 et
1218 1132 1697 1208 victoriosum
1747 1126 2208 1233 triumphum·
2238 1155 2376 1203 re-

181 1237 534 1341 portauit.
592 1238 915 1312 Demum
958 1262 1265 1341 quoque
1306 1235 1506 1312 idem
1540 1234 1955 1341 Stephanus
1991 1234 2379 1332 Pobarnok

180 1333 563 1446 egregium
599 1344 984 1419 Detricum
1008 1344 1340 1426 Fratrem
1381 1359 1459 1417 et
1494 1368 1925 1444 germanum
1962 1368 2190 1419 suum
2220 1333 2378 1417 car·
2447 1359 2450 1362 ’

179 1450 426 1525 nalem
457 1477 552 1525 ex
601 1466 857 1528 nostra
896 1451 1380 1552 dispositione
1424 1466 1501 1525 et
1551 1450 2062 1525 commissione
2100 1452 2380 1552 specia-

178 1556 235 1630 li
283 1555 380 1630 ad
422 1547 1047 1653 nostra'seruitia,
1097 1581 1268 1634 cum
1308 1583 1467 1634 non
1516 1580 1749 1660 pauca
1793 1558 2124 1659 gentium
2163 1558 2379 1631 armi·

180 1688 528 1767 gerarum
567 1664 960 1759 comitiua‚
1016 1691 1169 1741 non
1207 1665 1364 1740 sine
1401 1662 1736 1768 plurimis
1766 1659 2111 1767 expensis
2162 1660 2375 1737 fulci·

156 1786 295 1860 ta,
351 1767 449 1844 ad
484 1769 798 1846 insulam
837 1787 1163 1848 nostram
1202 1767 1401 1846 Saan
1439 1787 1844 1884 vocatam&
1873 1770 2380 1847 conseruatio-

179 1899 513 1980 nemque
539 1894 955 1953 castrorum
977 1895 1052 1954 et
1076 1878 1609 1956 fortalitiorum
1643 1893 2070 1953 nostrorum
2094 1874 2378 1981 ibidem

174 2007 323 2088 pro
390 2001 569 2059 tunc
628 1981 1051 2059 habitorum
1126 1982 1575 2078 transmisit,
1645 2000 1873 2086 atque
1924 1982 2321 2059 destinauit
2351 2037 2375 2076 ,

178 2091 312 2194 qui
358 2086 654 2166 tandem
702 2091 1043 2167 Detricus
1079 2091 1337 2186 Frater
1366 2113 1550 2165 suus
1583 2115 1722 2193 per
1748 2087 2152 2183 Omorath‚
2191 2081 2375 2164 Tur-

175 2221 443 2273 corum
469 2197 876 2274 Dominum
903 2252 926 2292 ,
979 2212 1212 2299 atque
1240 2199 1439 2299 ipsos
1472 2197 1801 2292 Turcos,
1857 2221 2027 2274 cum
2080 2195 2374 2271 validis·

173 2302 359 2378 sima
398 2307 735 2407 potentia
773 2321 1037 2383 contra
1069 2321 1366 2379 nostros
1400 2298 1655 2377 fideles
1684 2304 1764 2377 in
1800 2305 1956 2408 ipsa
1988 2303 2262 2394 insula,
2298 2317 2377 2378 et

174 2413 431 2487 castris
474 2428 831 2514 protunc
857 2412 1304 2487 constitutos
1336 2408 1805 2507 insultando,
1840 2411 2163 2487 obtentis
2193 2410 2371 2513 ipsis
2407 2413 2408 2418 ’

171 2518 412 2593 insula
453 2534 532 2593 et
564 2520 863 2613 castris,
920 2546 1063 2596 vna
1104 2544 1277 2596 cum
1309 2516 1688 2592 nonnullis
1723 2521 1992 2592 nostris
2026 2516 2374 2593 fidelibus

170 2623 363 2698 inibi
392 2625 920 2717 existentibus,
980 2643 1236 2729 captus
1278 2622 1595 2727 direque
1633 2624 2091 2716 vinculatus,
2147 2650 2235 2701 ac
2273 2622 2368 2701 ad

170 2729 521 2807 Turoia'm
564 2730 924 2808 abductus
956 2729 1117 2825 fuit,
1156 2750 1233 2809 et
1267 2730 1549 2809 ibidem
1584 2730 1745 2806 fere
1774 2757 1913 2836 per
1950 2730 2369 2837 quadiren-

171 2838 386 2915 nium
416 2841 688 2917 acriter
725 2858 1243 2932 conseruatus,
1299 2838 1393 2914 de
1430 2864 1581 2942 qua
1621 2837 1921 2927 tandem
1966 2839 2366 2944 captiuita-

170 2956 253 3020 ιο
308 2972 467 3048 per·
500 2946 741 3049 ipsum
791 2943 1248 3049 Stephanum
1292 2942 1728 3034 Poharnok‚
1783 2961 2042 3019 nostro
2088 2945 2180 3018 ad
2221 2945 2369 3020 hoc

168 3077 327 3159 nou
365 3052 755 3127 sufficienti
797 3052 945 3127 sibi
981 3054 1332 3157 praestito
1371 3048 1703 3126 subsidio
1730 3103 1753 3141 ,
1810 3076 1981 3126 cum
2024 3050 2375 3127 maximis·

164 3159 318 3232 suis
361 3159 705 3263 expensis
741 3159 1171 3263 redemptus
1196 3215 1219 3255 ,
1276 3175 1504 3260 atque
1546 3156 1932 3251 liberatus3
1986 3175 2060 3234 et
2105 3183 2366 3261 quam·
2469 3220 2472 3229 .

164 3263 291 3338 uis
327 3280 711 3367 praetextu
740 3269 1312 3370 praemissorum
1343 3265 1501 3369 ipse
1520 3260 1939 3367 Stephanus
1971 3263 2359 3341 Poharnok

163 3369 408 3446 multo
448 3368 660 3475 plura
703 3389 781 3448 et
816 3376 1096 3451 maiora
1148 3401 1191 3450 a
1231 3372 1446 3449 nobis
1484 3368 2048 3457 beneficiorum.
2072 3371 2362 3475 impen-

165 3474 288 3549 dia
329 3484 745 3579 mereretur
796 3498 1233 3584 reportare3
1288 3478 1371 3554 v't
1408 3496 1652 3554 tamen
1705 3476 1799 3552 ad
1848 3502 2196 3583 praesens
2233 3505 2360 3561 no-

165 3599 390 3658 stram
451 3583 1041 3664 beneuolentiarn
1083 3587 1221 3663 sibi
1264 3588 1527 3660 sentiat
1561 3583 2018 3680 fauorosam,
2073 3609 2362 3689 posses·-

166 3690 454 3766 sionem
497 3709 824 3767 nostram
880 3695 1204 3796 regalem
1247 3694 1316 3768 N
1317 3688 1594 3793 yaragh
1641 3708 2011 3776 vocatam,
2069 3694 2145 3766 in
2191 3692 2362 3767 Co·-

167 3799 432 3873 mitatu
491 3797 777 3874 Borsod
830 3803 1219 3895 situatam,
1261 3838 1364 3854 -—-
1426 3834 1538 3851 —
1592 3799 1927 3901 praefato
1986 3795 2364 3901 Stephano

170 3903 565 3979 Pobarnok
593 3941 708 3964 —-
743 3946 827 3960 —
866 3906 1241 3997 dedimus,
1287 3903 1725 3979 domuimus
1769 3922 1843 3980 et
1875 3906 2360 3994 contulimus,

166 4012 401 4088 immo
439 4008 737 4101 damus,
792 4010 1151 4088 donamus
1170 4018 1261 4094 'et
1298 4010 1751 4087 conferimus
1785 4012 1947 4086 iure
1993 4022 2364 4115 perpetuo

174 4135 254 4195 et
315 4116 907 4195 irreuocabiliter
961 4117 1484 4221 possidendam
1513 4170 1533 4207 ,
1592 4114 2030 4211 tenendam,
2089 4119 2366 4223 pariter

176 4241 253 4300 et
291 4223 740 4320 habendam,
793 4227 1001 4303 saluo
1042 4230 1204 4303 iure
1236 4225 1498 4303 alieno.
1538 4258 1656 4279 —·
1682 4232 1780 4278 -'-
1824 4224 2096 4301 Datum
2136 4226 2361 4301 Poso-
