2926 4849
748 497 899 565 7:36

643 705 1011 781 Ladislaus
1055 698 1245 773 filius
1282 695 1591 771 Joannis
1627 693 1724 767 de
1767 688 2053 766 Bathor
2094 685 2380 792 absque
2417 688 2600 761 cuius
2628 687 2735 757 sci-

639 812 814 889 licet
881 805 1489 914 praesentialitate
1567 803 1721 904 ipsa
1789 797 2372 892 Instrumentalis
2437 790 2733 866 Exhibitio

638 918 798 994 fieri
845 914 1335 1017 nequivisset,
1391 927 1468 984 et
1510 908 1935 996 terminari,
1989 922 2312 978 nostram
2365 905 2433 973 in
2473 924 2735 1002 praesen-

643 1028 815 1099 tiam
866 1050 1020 1097 non
1076 1019 1315 1109 venit,
1348 1041 1620 1119 neque
1650 1015 1890 1103 misit,
1917 1039 1918 1050 ¹
1949 1036 2089 1084 nec
2132 1008 2417 1082 Judicia
2457 1005 2733 1107 persolvit

634 1146 1115 1237 praenotata3
1151 1152 1228 1200 se
1266 1151 1404 1227 pro
1452 1148 1580 1197 sua
1617 1149 1772 1194 non
1810 1117 2173 1191 venientia
2208 1117 2280 1188 in
2303 1113 2576 1187 Judicio
2615 1139 2730 1185 con·

636 1253 891 1327 sveto‘,
947 1253 1023 1310 et
1056 1256 1196 1332 pro
1255 1256 1407 1305 non
1455 1228 1823 1303 solutione
1879 1224 2250 1297 dictorum
2295 1220 2730 1305 Judiciorum,

633 1347 711 1420 in
768 1343 1049 1444 dupplo
1073 1337 1505 1413 eorumdem
1532 1332 2024 1408 mediantibus
2048 1330 2346 1403 Litteris
2385 1329 2621 1400 nostris
2643 1326 2730 1397 Ju-

632 1443 1328 1526 dicialibus'exinde
1372 1443 1732 1517 consectis
1779 1442 1853 1511 in
1909 1437 2189 1540 dupplo
2229 1435 2589 1537 aggi-suari
2626 1459 2732 1532 per·

607 1551 1001 1636 *mittente‚
1077 1578 1217 1657 pro
1275 1577 1365 1625 eo
1427 1550 1660 1652 ipsam
1715 1544 2355 1620 Instrumentalem
2419 1540 2732 1614 Exhibitio-

636 1691 803 1738 nem
840 1664 1034 1736 inter
1075 1675 1493 1753 annotatam
1545 1654 1873 1730 nobilem
1922 1653 2312 1743 Dominam
2355 1648 2623 1723 Elenam
2654 1668 2732 1715 vo-

632 1791 864 1845 catam
915 1767 1286 1841 Aen-icem
1330 1759 1423 1836 ab
1467 1788 1609 1836 una
1635 1813 1658 1847 ,
1714 1785 1856 1833 nec
1897 1786 2048 1833 non
2089 1756 2538 1860 Stephanum
2569 1752 2733 1826 fitium

632 1869 969 1952 Stan‘islai
1011 1872 1101 1947 de
1138 1869 1418 1944 Bethor
1461 1872 1534 1941 in
1570 1893 1864 1942 causam
1905 1883 2300 1940 attractum
2337 1862 2430 1935 ab
2471 1863 2591 1935 alia
2626 1883 2731 1959 par-

634 1985 829 2060 tibus
877 1981 966 2054 ad
1034 1987 1325 2053 octavas
1398 1975 1596 2049 Festi
1636 1971 1865 2049 ¹Beati
1933 1971 2197 2046 Jacobi
2261 1996 2456 2044 nunc
2520 1962 2727 2039 venturi

629 2103 1109 2196 prorogante,
1161 2100 1475 2157 vestram
1518 2083 1910 2156 amicitiam
1949 2076 2460 2180 praesentibus
2494 2075 2728 2177 petimus

629 2197 1021 2297 diligenter
1046 2247 1066 2284 ,
1120 2205 1482 2292 quatenus
1517 2205 1846 2262 vestrum
1886 2186 2184 2260 mittatis
2222 2185 2603 2257 Hominem
2639 2200 2732 2280 pro

628 2300 1084 2378 Testimonio
1132 2296 1611 2399 fidedignum,
1669 2319 1821 2398 quo
1860 2308 2249 2395 praesente
2269 2286 2733 2364 AlbertusPor·
2837 2373 2838 2380 ἵ

633 2408 774 2512 chy
809 2409 926 2482 vel
962 2406 1401 2481 Laurentius
1448 2403 1542 2477 de
1567 2397 1801 2505 Zipch
1835 2415 1961 2473 aut
1997 2398 2272 2473 Blasius
2304 2399 2457 2493 sive
2489 2395 2735 2468 Joannes
2837 2383 2838 2386 ¹

634 2518 810 2591 dicti
852 2515 1030 2588 Zele
1070 2512 1161 2585 de
1201 2509 1453 2603 Kezel,
1509 2511 1664 2583 sive
1696 2509 2058 2607 Georgius
2092 2504 2185 2579 de
2237 2508 2450 2594 Boza,
2499 2527 2607 2577 seu
2635 2496 2732 2569 Jo-

565 2649 571 2657 ·
635 2647 862 2696 annes
923 2644 1110 2692 neve
1166 2618 1606 2690 Laurentius
1671 2616 1764 2689 de
1803 2611 2128 2714 Hatboly
2183 2639 2321 2686 ceu
2367 2607 2733 2685 Benedictus

638 2728 731 2802 de
761 2723 1038 2799 Eadem
1078 2724 1233 2796 aliis
1265 2721 1692 2796 absentibus
1728 2722 1980 2797 Homo
2026 2737 2288 2794 noster
2327 2727 2731 2792 memoratum

639 2831 1050 2911 Ladislaum
1091 2830 1313 2927 filium
1356 2830 1661 2902 Joannis
1705 2827 1798 2903 de
1836 2825 2110 2901 Bethor
2153 2813 2543 2929 praemissa
2576 2821 2734 2892 Litte-

638 2942 813 3016 ralia
870 2967 996 3014 sua
1038 2941 1522 3012 instrumenta
1571 2935 2074 3010 exhibiturum
2113 2951 2186 3007 et
2238 2934 2336 3006 de
2371 2928 2633 3007 ,Iudicio
2670 2922 2731 2991 17

640 3073 1051 3124 marceium
1086 3043 1301 3118 nobis
1341 3059 1415 3116 et
1442 3044 1631 3144 parti
1673 3043 2019 3116 adversae
2050 3040 2576 3114 satisfacturum
2609 3054 2735 3104 con-

643 3176 751 3230 tra
790 3169 1199 3227 annotatam
1232 3150 1621 3223 Dominam
1658 3149 1961 3246 Elcnam
2001 3165 2337 3221 vocatam
2379 3146 2735 3220 Consortem

639 3260 1043 3338 'Frankonis
1093 3256 1183 3329 de
1218 3252 1567 3329 Thallocz
1617 3256 1703 3330 ad
1758 3256 1983 3330 dictas
2034 3273 2330 3341 octavas
2377 3252 2551 3326 Festi
2596 3237 2736 3319 Beati

641 3365 907 3441 Jacobi
936 3363 1273 3467 Apostoli
1313 3367 1388 3435 in
1415 3362 1646 3439 tribus
1679 3363 1863 3437 foris
1906 3358 2610 3464 conprovincialibus
2639 3372 2732 3452 pu·

574 3474 575 3477 '
643 3473 840 3550 blice
882 3489 958 3545 et
994 3470 1378 3544 manifeste
1413 3489 1735 3544 nostram
1763 3469 1979 3545 facia-t
2018 3466 2459 3569 proclamari
2496 3468 2558 3538 in
2588 3477 2734 3562 prte-

584 3623 591 3634 ι
644 3580 993 3666 sentiam,
1046 3580 1421 3651 Insinuans
1479 3576 1798 3669 ibidem,
1856 3595 1938 3673 ut
1984 3578 2043 3650 si
2097 3576 2425 3665 venerit,
2480 3588 2547 3645 et
2596 3565 2733 3638 dicta

648 3686 991 3762 Literalia
1054 3710 1179 3756 sua
1236 3685 1727 3758 Instrumenta
1785 3682 2246 3774 exhibuerit,
2304 3679 2396 3754 de
2442 3678 2735 3768 dictisque

646 3792 948 3867 ,Iudiciis
994 3790 1206 3865 nobis
1271 3808 1343 3864 et
1396 3793 1586 3891 parti
1647 3790 2000 3866 adversae
2067 3787 2534 3881 satisfecerit,
2598 3780 2738 3852 bene

648 3899 1000 3997 quidem,
1075 3897 1402 3993 alioquin
1469 3923 1617 3972 non
1675 3899 2011 3972 obstante
2066 3899 2291 3999 ipsius
2353 3892 2648 3968 absentia
2687 3893 2738 3951 et

642 4006 1047 4079 rebellione
1099 4004 1318 4076 finem
1375 4002 1729 4078 faciemus
1773 4030 1989 4078 causa
2033 4005 2106 4075 in
2152 4003 2533 4108 praemissa
2565 3996 2738 4098 prout

639 4111 946 4188 dictabit
1002 4111 1190 4187 ordo
1239 4111 1463 4185 Juris.
1562 4110 1652 4186 Et
1712 4130 1877 4214 post
1926 4112 2151 4213 ipsius
2196 4109 2422 4184 trium
2463 4105 2732 4179 sororum

639 4218 1238 4323 proclamationis
1291 4218 1554 4291 seriem
1613 4243 1777 4291 cum
1836 4221 2133 4292 nomine
2208 4207 2620 4319 proclamati
2668 4190 2730 4272 „d
