2926 4849
2153 481 2310 557 505
2421 533 2424 540 .

206 679 587 759 delicetet
623 681 1075 786 ignobilibus
1106 691 1860 796 eomprouinoialibus
1890 687 2072 767 dicti
2094 689 2416 768 Comita-

208 808 332 866 tus
368 790 834 888 hominibus,
865 796 1107 899 palam
1148 814 1227 873 et
1264 802 1558 879 occulte
1603 803 1999 906 diligenter
2035 801 2420 903 inquiren-

212 900 360 988 do,
417 898 639 974 talem
681 900 775 975 de
831 902 1321 1007 infrascripsit
1381 909 1927 1014 comperissent
1983 910 2414 981 veritatem:
2451 949 2464 970 -.

216 1006 624 1093 Quomodo
664 1006 1065 1112 Georgius,
1100 1011 1297 1090 filius
1336 1013 1701 1114 Anthony
1729 1073 1749 1108 ,
1782 1013 2103 1089 Thomas
2141 1039 2418 1116 paruus

215 1131 295 1188 et
329 1111 612 1189 Blasius
654 1113 844 1190 filius
880 1119 1252 1210 eiusdem,
1297 1118 1558 1199 Simon
1597 1123 1806 1215 Vad,
1861 1121 1927 1194 Τ
1929 1118 2182 1195 homas
2226 1118 2424 1195 filius

215 1220 589 1309 eiusdem,
648 1218 1070 1321 semones,
1130 1226 1553 1331 Philippus,
1587 1244 1664 1305 et
1706 1228 2082 1322 Andreas,
2116 1225 2237 1302 [ilii
2297 1227 2426 1301 Ni-

217 1323 448 1419 colai,
501 1327 633 1402 filii
679 1329 923 1424 Petri3
980 1331 1965 1438 Stephanu3,·¹Anthonius‚
2017 1350 2097 1409 et
2125 1333 2300 1409 Josa
2339 1331 2428 1408 fi'-

216 1433 299 1507 lii
364 1435 607 1527 Petri,
695 1437 1069 1514 Johannes
1125 1440 1316 1518 filius
1390 1442 1638 1535 Galli,
1727 1440 2167 1519 Benedictus
2230 1437 2428 1515 filius

221 1543 572 1646 Georgii,
628 1544 1047 1648 Gregorius
1078 1545 1267 1624 filius
1307 1550 1682 1643 Thomae,
1716 1548 2033 1624 Mich'affl
2079 1567 2152 1623 et
2189 1547 2431 1622 Nico-

126 1649 143 1656 ’
222 1649 381 1725 laus
420 1648 551 1724 filii
591 1650 949 1744 eiusdem,
990 1654 1429 1733 Benedictus
1453 1655 1809 1748 Barthan,
1854 1654 2231 1729 ,Iohannes
2274 1653 2432 1727 Za·-

222 1756 383 1847 ῙῑὸῙ,
441 1757 719 1832 Blasius
769 1759 1146 1863 Wolnay,
1203 1762 1392 1840 filius
1429 1764 1682 1859 Pauli,
1737 1762 2079 1839 Matthias
2120 1762 2433 1855 Waran,

221 1863 553 1939 Iacobus
588 1864 830 1941 dictus
871 1868 1208 1974 Philpes,
1270 1873 1683 1974 Antonius,
1757 1868 2074 1960 Paulus,
2131 1884 2211 1944 et
2264 1866 2433 1941 Lu-

222 1996 386 2065 eas,
441 1970 568 2047 filii
600 1970 933 2062 eiusdem
970 1976 1190 2072 Josa‚
1225 1967 1650 2080 Stephanus
1697 1975 1893 2055 tilius
1935 1977 2176 2069 Pauli,
2208 1975 2431 2050 Jaoo-
2495 2053 2504 2078 ἱ

220 2079 368 2155 bus
407 2080 735 2175 Waran,
791 2079 1161 2160 Johannes
1211 2103 1284 2161 et
1328 2086 1711 2182 Ladislaus
1749 2085 2092 2162 similiter
2144 2083 2437 2158 Waran

223 2186 408 2262 dicti
429 2243 453 2283 ,
486 2185 530 2258 J
537 2184 864 2265 ohannes
899 2188 1089 2266 filius
1124 2192 1305 2296 Egid
1310 2222 1404 2294 y,
1440 2212 1518 2271 et
1553 2185 2000 2269 Laurentius
2027 2185 2220 2266 filius
2247 2189 2440 2265 eius-

225 2294 400 2369 dem
426 2349 448 2387 ,
502 2289 877 2370 Johannes
906 2295 1094 2372 filius
1132 2297 1539 2405 Stephani,
1595 2297 1916 2376 Michael
1955 2298 2148 2388 filius
2194 2294 2442 2387 Petri,

227 2402 602 2504 Georgius
638 2420 714 2478 et
753 2404 1014 2482 Paulus
1051 2403 1232 2485 dicti
1282 2407 1537 2502 Wors,
1581 2406 1773 2483 Elias
1816 2405 2008 2484 filius
2053 2400 2442 2483 Bartholo-

228 2511 469 2600 maei‚
525 2509 1127 2591 Bartholomaeus
1163 2506 1237 2590 et
1278 2516 1559 2592 Blasius
1609 2514 1740 2591 filii
1794 2508 2096 2606 Lewel,
2159 2513 2445 2613 Diony*

229 2620 385 2694 sius
428 2618 782 2710 Malmer,
839 2620 1143 2713 Petrus,
1219 2624 1506 2717 Dauid,
1563 2641 1639 2700 et
1698 2622 2017 2697 Michael
2068 2618 2196 2695 filii
2255 2620 2444 2693 eius·

231 2725 453 2815 dem,
510 2722 932 2812 schamam,
989 2727 1272 2821 Lucas,
1331 2731 1727 2806 Emericus
1781 2747 1856 2806 et
1893 2727 2257 2804 Fabianus
2310 2721 2445 2802 filii
2497 2730 2498 2733 ’

233 2831 614 2925 eiusdem,
670 2830 1015 2908 Andreas
1062 2836 1372 2931 Weres,
1442 2836 1637 2912 filius
1695 2834 2033 2928 Nicolai,
2103 2834 2447 2909 Briccius

230 2938 433 3015 filius
461 2930 1106 3033 Bartholomaei,‘J
1109 2942 1435 3018 ohannes
1470 2961 1546 3019 et
1577 2941 1908 3019 Jacobus
1937 2939 2070 3017 filii
2100 2942 2440 3016 Clemen-

234 3051 367 3138 tis,
421 3045 747 3121 Joannes
800 3063 882 3122 et
921 3047 1251 3125 Jacobus
1309 3048 1489 3126 dicti
1552 3046 1858 3141 Wodo,
1933 3051 2195 3123 Petrus
2253 3044 2447 3120 filius

235 3153 604 3241 Ladislai‚·
663 3153 985 3230 Michae‘l
1025 3174 1102 3233 et
1139 3157 1504 3234 Nicolaus'
1545 3152 1675 3233 filii
1724 3154 2026 3239 Jacobi,
2110 3146 2449 3229 Valenti·

234 3287 383 3336 nus
439 3258 632 3336 filius
687 3259 975 3364 Egidy,
1049 3261 1423 3341 Johannes
1486 3261 1679 3340 filius
1739 3262 2014 3340 Osinae
2064 3253 2449 3358 (cosmae)

236 3370 508 3443 Petrus
574 3369 770 3463 Tar,
828 3369 1196 3465 Michael‚
1255 3372 1655 3467 Urbanus,
1729 3388 1809 3449 et
1865 3369 2259 3445 Emericus
2312 3362 2450 3440 filii

242 3474 677 3569 Benedicti,
732 3474 911 3551 dicti
951 3477 1352 3583 Wethley,
1406 3478 1760 3557 Nicolaus
1791 3495 1869 3556 et
1907 3474 2278 3579 Georgius
2312 3467 2447 3548 filii

241 3582 633 3674 Andreae,
691 3583 1069 3686 Georgius
1130 3584 1371 3664 dictus
1418 3586 1730 3681 Mazon,
1783 3584 2270 3685 Valentinus,
2322 3580 2450 3654 Ja-
2597 3650 2602 3657 .

244 3690 490 3766 cobus
529 3702 607 3764 et
634 3686 1050 3765 Matthaeus
1092 3689 1225 3769 filii
1255 3686 1485 3786 Eliae,
1525 3713 1601 3771 et
1637 3692 2006 3779 Iohannes
2045 3689 2234 3764 filiu!
2263 3686 2451 3763 eius·-

241 3797 422 3872 dem
461 3796 833 3871 Valentini
871 3794 964 3871 de
1007 3798 1243 3899 Fayz;
1299 3801 1481 3878 item
1516 3801 1836 3877 Thomas
1876 3797 2173 3897 Weky,
2230 3791 2450 3869 Blasi-

240 3928 334 3979 us
372 3921 453 3979 et
494 3902 801 3995 Paulus,
856 3902 986 3978 filii
1045 3905 1381 3983 eiusdem
1406 3964 1427 4001 ,
1495 3904 1851 3991 Nicolaus
1876 3962 1898 4000 ,
1979 3900 2450 4007 Stephanus,

240 4010 589 4086 similiter
628 4010 887 4114 Weky
921 4008 1139 4107 dicti,
1196 4015 1536 4091 Matthias
1580 4013 1813 4090 frater
1854 4007 2188 4089 eiusdem
2245 4004 2453 4084 Phil-

243 4143 424 4223 pes,
484 4115 937 4209 Benedictus
961 4175 982 4212 ,
1020 4118 1377 4218 Michael,
1431 4139 1513 4198 et
1537 4120 1940 4210 Johannes,
1981 4117 2215 4192 frater
2250 4115 2451 4191 eiu-s·-

244 4225 424 4304 dem
458 4225 553 4304 de
589 4222 849 4306 eadem
892 4227 1188 4334 Weky,
1241 4220 1599 4312 Nicolaus
1634 4227 1824 4309 filius
1865 4227 2261 4319 Andreae,
2314 4222 2454 4300 Be-
