2926 4849
2007 516 2155 585 877

773 808 788 815 ι
898 712 1458 793 cnxxxvm.
1546 810 1553 817 .

108 868 380 941 &agendus
415 871 524 923 172
565 873 676 925 1³1³.
714 872 793 924 ad
822 874 1270 927 intercessionem
1307 875 1660 946 &gismundi
1692 877 1766 932 R.
1812 878 1892 937 H.
1932 880 2082 935 ἐπεοι-
2119 879 2279 936 Phi--

282 984 493 1054 lappam
524 985 587 1038 de
620 985 846 1057 Koroglt
879 999 932 1038 ee
963 987 1185 1041 Annam
1204 990 1266 1041 de
1300 987 1529 1042 Mar-oth
1584 1004 1931 1047 contractum
1946 1024 1966 1051 ‚
2014 995 2120 1048 sed
2144 1012 2261 1049 non

277 1103 718 1144 consummatum
750 1093 1169 1147 Matrimonium
1185 1126 1204 1153 ,
1239 1093 1308 1148 ob
1344 1080 1769 1152 ineert'sem‘emia
1822 1101 2102 1157 seandala
2149 1121 2259 1174 per

278 1201 609 1271 Episcopum
647 1202 1193 1276 Quinqmecclesien.
1228 1205 1419 1277 quoad
1455 1206 1744 1261 vinculum
1779 1208 2029 1264 dissolui
2080 1211 2253 1268 iubae.

270 1305 334 1359 A.
369 1305 523 1363 1437.

279 1440 650 1545 Eugenius
685 1440 1091 1548 Episcopus
1130 1443 1410 1521 Seruus
1449 1470 1841 1522 seruorum
1872 1447 2044 1523 Dei.
2099 1446 2254 1524 Ve-

100 1547 395 1639 nerabili
428 1550 668 1624 Fratri
701 1550 1072 1654 Episcopo
1107 1551 1892 1653 Quinqueecclesiensi
1920 1554 2254 1662 salutemp

98 1673 162 1731 et
196 1657 676 1760 apostolicam
709 1656 1328 1733 benedictionem.
1390 1654 1605 1735 Solet
1636 1658 2114 1761 Apostolicae
2145 1685 2255 1739 se-

98 1762 194 1836 iis
233 1764 653 1858 clementia,
710 1791 969 1870 pacem
1013 1768 1429 1866 quaeritans
1485 1765 1984 1866 singulorum,
2052 1794 2254 1841 non-

96 1896 460 1970 nunquam
500 1899 643 1976 pro
683 1872 1041 1947 euitandis
1073 1870 1434 1948 scandalis
1462 1898 1549 1947 ea
1584 1871 2042 1963 concedere,
2101 1901 2250 1978 que

96 1976 252 2051 ilias
290 1972 381 2050 de
418 1980 595 2055 iuris
622 1982 870 2083 rigore
909 1997 1079 2054 sunt
1101 1984 1392 2081 penitus
1411 1977 1827 2063 interdicta,
1872 1977 2066 2055 Sane
2108 2008 2250 2080 pro

94 2101 288 2184 parte
320 2089 670 2162 carissimi
712 2092 786 2162 in
824 2082 1120 2165 Christo
1156 2085 1284 2177 filii
1325 2090 1565 2162 nostri
1605 2085 2053 2192 Sigismundi
2082 2087 2249 2164 Ro-

92 2217 464 2268 rnanorum
498 2192 978 2297 Imperatoris
1010 2218 1307 2295 semper
1361 2193 1675 2297 Augusti
1726 2192 1959 2270 nobis*
2009 2219 2249 2296 nuper

92 2296 398 2373 exhibita
471 2303 736 2403 petitio
788 2298 1263 2389 continebat,
1361 2299 1567 2404 quod
1635 2296 1950 2374 dilectus
2013 2297 2242 2393 filius,

90 2402 363 2480 Nobilis
397 2410 513 2483 vir
545 2406 916 2486 Johannes
948 2404 1262 2512 Philippi
1299 2402 1393 2483 de
1428 2403 1737 2507 Korogh
1774 2406 2246 2512 Quinqueeo-

90 2511 447 2588 :tesiensis
513 2515 923 2602 Dioecesis}
1006 2537 1172 2589 cum
1235 2513 1504 2608 dilecta
1557 2515 1633 2587 in
1709 2511 2000 2590 Christo
2054 2511 2277 2608 filia„

90 2618 308 2693 nobili
344 2623 588 2724 puella
635 2622 888 2712 Anna,
943 2619 1244 2696 Joannis
1281 2621 1376 2699 de
1433 2617 1778 2711 Maroth,
1851 2618 2240 2696 domicella

91 2723 266 2798 iicte
299 2726 689 2823 dioecesis,
745 2726 1296 2805 matrimonium
1330 2726 1706 2803 contraxit
1724 2751 1859 2827 per
1891 2724 2121 2802 verba
2144 2729 2242 2801 le-

90 2829 322 2933 gitime
365 2833 459 2906 de
498 2839 906 2939 praesenti,
981 2837 1256 2909 carnali
1311 2852 1559 2910 tamen
1618 2834 1885 2932 copula
1937 2834 2241 2908 minime

90 2937 501 3033 iubsecuta,
558 2942 919 3046 quodque
955 2964 1096 3041 per
1131 2938 1541 3015 huiusmodi
1579 2954 2047 3014 contractum
2076 2965 2236 3014 ma·-

90 3044 405 3120 :rimonii
439 3051 752 3124 maxima
782 3044 1118 3124 scandala
1164 3045 1358 3121 inter
1405 3043 1843 3122 eorumdem
1885 3043 2242 3121 Jobannis

90 3167 146 3222 et
180 3152 443 3227 Annae
481 3154 1057 3257 consanguineos
1098 3169 1175 3229 et
1196 3158 1475 3228 amicos
1504 3168 1675 3227 sunt
1710 3167 1964 3226 secuta
2000 3167 2079 3227 et
2112 3149 2240 3228 bo·

90 3258 404 3356 niqidia‚
453 3280 529 3336 et
584 3261 977 3338 seditiones
1033 3277 1108 3335 et
1149 3262 1434 3360 'grauia‘
1484 3257 1823 3334 scandala
1889 3260 1991 3331 in·
2024 3257 2239 3335 futu-

90 3391 237 3438 ·um
288 3367 610 3461 exoriri,
680 3387 1083 3473 propterea
1163 3367 1661 3441 verisimiliter
1715 3364 2230 3440 formidantur.

90 3469 325 3557 Quare
366 3502 531 3578 pro
591 3494 802 3576 parte
860 3475 1034 3549 dicti
1082 3473 1558 3575 Imperatoris
1612 3468 1824 3546 nobis
1895 3472 2041 3547 fuit
2100 3467 2236 3546 bu-

90 3577 346 3652 niliter
412 3583 891 3685 supplicatum
916 3635 938 3671 ‚
1032 3598 1109 3654 vt
1182 3582 1259 3654 in
1325 3578 1738 3684 praemissis
1810 3577 2269 3683 opportune*
2312 3649 2317 3658 .

90 3684 466 3763 ›rouidere
533 3690 627 3766 de
701 3687 1155 3791 benignitate
1227 3687 1660 3789 Apostolica
1730 3685 2229 3786 dignaremur.

90 3790 221 3868 Ἴος
277 3795 548 3898 igitur,
617 3798 752 3897 qui
804 3820 1056 3897 pacem
1104 3795 1526 3897 quaerimus
1586 3790 2089 3893 singulorum,
2158 3807 2237 3866 et

90 3901 482 3978 uniusmodi
514 3899 1082 3979 dissensionibus
1115 3919 1191 3977 et
1227 3900 1586 3976 scandalis
1618 3897 1966 3987 libenter,
2003 3924 2232 4002 quan-

93 4033 217 4100 um
258 4031 426 4085 cum
466 4011 628 4089 Deo
658 4034 1077 4112 possumus,
1132 4006 1559 4101 obuiamus,
1600 4003 2021 4082 huiusmodi
2054 4029 2231 4109 sup·

90 4111 581 4193 ›lioationibus
644 4114 969 4193 inclinati
1010 4165 1034 4207 ,
1126 4111 1566 4190 fraternitati
1628 4127 1754 4188 tue
1824 4111 2233 4188 committi-

90 4243 222 4297 nus
262 4237 339 4298 et
372 4220 836 4313 mandamus,
895 4239 1258 4327 quatenus
1295 4214 1634 4299 Johanne
1667 4235 1742 4294 et
1778 4218 1989 4298 Anna
2024 4243 2232 4325 prae-
