2926 4849
549 415 562 424 ”
610 414 762 487 362

502 649 696 734 quae
743 620 1157 697 differentia
1195 621 1392 697 inter
1433 647 1561 696 vos
1598 637 2043 714 remaneret,
2087 618 2424 695 volumus
2460 625 2704 702 omni·

502 758 645 827 n0‚
701 746 781 803 vt
825 755 961 834 pro
1004 755 1092 802 ea
1142 726 1478 803 tollenda
1535 743 1859 803 vestrum
1940 745 2253 832 vterque
2337 729 2706 806 transmit-

500 856 608 915 tat
642 854 981 913 oratores
1018 861 1192 909 suos
1231 836 1672 911 sufficienter
1708 836 2159 928 instructos»,
2216 831 2306 907 ad
2347 833 2701 912 dilectum

500 946 741 1036 filium
799 961 1169 1034 nostrum,
1226 941 1603 1018 Julianum
1651 939 1906 1016 Sancti
1956 938 2220 1047 Angeli
2268 940 2699 1021 Diaconum

420 1089 426 1098 ’
502 1050 1002 1145 cardinalem,
1077 1048 1558 1154 Apostolicae
1612 1045 1819 1134 sedis¹
1870 1048 2239 1154 legatum,
2310 1075 2539 1149 quem
2597 1050 2727 1126 ad·

504 1176 750 1266 partes
783 1158 1222 1232 Germaniae
1251 1158 1810 1233 transmittimus
1862 1153 1957 1230 de
2016 1159 2426 1260 praesenti,
2484 1161 2701 1236 visu-.

502 1296 667 1345 rum
711 1283 785 1340 et
823 1265 1294 1367 cogniturum
1330 1263 1777 1342 differentias
1818 1263 2248 1367 vtriusque‚
2324 1290 2464 1370 per
2520 1291 2696 1341 eum

500 1371 990 1456 amicabiliter
1028 1367 1603 1475 componendas.
1665 1367 1887 1459 Quod
1929 1370 1989 1443 si
2025 1395 2178 1446 non
2220 1390 2474 1472 posset
2530 1374 2690 1475 ipse

501 1478 912 1588 perficere,
971 1477 1350 1572 volumus,
1410 1497 1489 1554 vt
1548 1480 1738 1551 intra
1793 1495 2072 1564 certum
2135 1480 2535 1554 terminum
2592 1479 2688 1560 ad

499 1616 635 1665 nos
672 1588 970 1662 veniant
993 1587 1243 1670 nuncii
1280 1603 1353 1659 et
1390 1602 1722 1662 oratores
1747 1582 1969 1662 vestri
2010 1610 2183 1664 cum
2211 1580 2681 1666 informatio·

497 1694 721 1770 nibus
758 1692 1234 1798 opportunis,
1293 1710 1371 1766 vt.
1409 1719 1542 1770 vos
1580 1688 2075 1767 amicabiliter
2108 1718 2687 1797 componamus,

498 1802 617 1880 vel
662 1799 961 1903 quando
1011 1798 1221 1873 aliter
1264 1797 1426 1874 fieri
1488 1825 1640 1898 non
1680 1813 1978 1902 posset,
2037 1825 2175 1903 per
2218 1804 2409 1873 viam
2465 1801 2693 1875 iusti-—

500 1910 645 1985 tiae
687 1909 949 1988 vestris
981 1906 1519 1982 controuersiis
1555 1905 1890 1980 debitum
1932 1905 2397 2008 imponamus
2427 1904 2679 1996 finem,

499 2033 574 2093 et
618 2040 746 2092 vos
788 2013 975 2092 duos
1007 2009 1423 2089 Catholicos
1475 2011 1743 2114 Reges,
1781 2012 1971 2086 sicut
2008 2030 2373 2115 optamus,
2406 2031 2479 2088 et
2512 2012 2684 2088 vtri-

501 2115 652 2225 que
691 2121 1048 2198 Vestrum
1089 2120 1430 2226 expedit,
1468 2147 1553 2196 ac
1577 2118 2029 2194 Christianae
2054 2120 2563 2224 Reipublicae,
2610 2120 2693 2194 in

499 2246 745 2306 sancta
776 2224 1127 2303 charitate
1152 2282 1175 2321 ,
1212 2245 1288 2303 et
1324 2228 1638 2301 amicitia
1675 2222 2216 2302 confirmemus.
2256 2225 2534 2303 Verum
2554 2254 2696 2302 an-

501 2351 573 2411 te
618 2337 901 2429 omnia,
961 2332 1062 2410 fili
1120 2330 1587 2430 charissime,
1643 2350 1717 2409 te
1778 2327 2299 2429 exhortamur,
2354 2334 2697 2436 requiri-

499 2468 659 2520 mus
685 2498 706 2535 ,
757 2461 832 2518 et
870 2469 1259 2547 rogamus,
1316 2460 1393 2518 vt
1430 2442 1634 2518 omni
1691 2440 2176 2516 contentione
2218 2458 2294 2515 et
2333 2442 2690 2520 offensio-

497 2574 593 2625 ne
641 2550 1001 2653 seposita‚
1058 2550 1236 2626 velis
1281 2547 1572 2645 fauere,
1630 2563 1699 2622 et
1736 2551 2073 2623 assistere
2117 2547 2451 2649 praefato
2512 2552 2685 2624 Ro-

449 2746 452 2749 ,
499 2682 890 2733 manorum
952 2658 1182 2761 Regi,
1223 2650 1526 2732 'contra
1577 2651 1987 2738 Bohemos,
2057 2651 2466 2732 haereticos
2524 2673 2691 2735 toto

502 2788 715 2866 posse
755 2781 830 2838 et
869 2761 1188 2840 Polonos
1225 2790 1485 2840 omnes
1508 2820 1531 2856 ,
1595 2764 1723 2868 qui
1758 2787 1926 2835 cum
1966 2762 2072 2836 eis
2102 2780 2311 2856 sunt,
2342 2762 2482 2838 sub
2515 2791 2688 2868 gra·

500 2866 719 2947 uibus
764 2870 1020 2974 poenis
1058 2888 1132 2945 et
1176 2868 1872 2947 comminationibus
1913 2892 2319 2962 reuocare,
2374 2887 2450 2944 et
2496 2898 2685 2974 ope-

494 2976 646 3052 rari
687 2978 967 3072 taliter,
1003 2978 1214 3074 quod
1249 2978 1640 3055 restituant
1658 3003 1801 3081 per
1828 3001 1955 3050 eos
1991 2974 2232 3051 ablata
2268 2973 2697 3070 Catholicis,

495 3111 581 3161 ac
638 3083 1025 3188 diligenter
1072 3104 1149 3161 et
1204 3086 1601 3163 efficaciter
1654 3079 2093 3185 prouidere,
2151 3081 2362 3185 quod
2415 3082 2697 3160 eisdem

492 3190 884 3271 haereticis
918 3218 1060 3267 nec
1093 3210 1572 3283 commeatus,
1611 3217 1749 3267 nec
1789 3189 2344 3284 subuentioneS,
2380 3219 2520 3266 nec
2540 3192 2697 3266 -vlla

489 3297 855 3390 subsidia,
910 3297 1004 3373 de
1052 3317 1182 3375 tuo
1218 3325 1449 3402 regno
1490 3298 1838 3374 Poloniae
1880 3295 2431 3392 ministrentur,
2496 3300 2693 3375 sicut

493 3406 711 3484 nobis
746 3409 1094 3481 asseritur
1127 3405 1480 3483 hactenus
1516 3404 1795 3481 factum
1835 3429 2031 3495 esse,
2072 3421 2144 3478 et
2180 3405 2257 3478 in
2292 3401 2424 3478 hac
2463 3430 2691 3480 causa

493 3516 593 3592 ita
627 3533 699 3591 te
735 3509 1050 3607 habere,
1108 3533 1186 3590 vt
1230 3509 1644 3611 intelligere
1703 3509 2019 3585 videaris
2056 3535 2218 3585 eam
2272 3508 2412 3585 Dei
2457 3512 2690 3615 magis

493 3648 784 3698 causam
813 3645 999 3714 esse,
1042 3615 1699 3723 quam-hominum,
1732 3643 1870 3722 pro
1901 3642 2050 3718 qua
2074 3616 2376 3711 teneris,
2410 3636 2491 3692 vt
2522 3621 2699 3695 Rex

494 3726 934 3817 Catholicus,
979 3733 1201 3805 etiam
1242 3728 1401 3802 sine
1437 3741 1782 3828 respectu
1823 3720 2131 3800 alicuius
2168 3723 2534 3802 amicitiae
2574 3726 2701 3804 vel

513 3833 836 3913 foederis
864 3832 1228 3913 laborare.
1253 3834 1344 3911 Et
1363 3833 1423 3908 si
1449 3832 1900 3908 contrarium
1922 3827 2231 3923 facereS,
2263 3830 2468 3929 quod
2492 3844 2702 3909 auerss

492 3958 602 4018 tat
622 3943 858 4035 Deus,
898 3939 1249 4020 aduersus
1301 3950 1373 4018 te
1429 3939 1777 4017 Diuinam
1820 3953 1895 4012 et
1925 3935 2311 4011 humanam
2351 3938 2705 4017 iustitiam

491 4070 964 4153 prouocares.
992 4050 1263 4126 Datum
1285 4046 1347 4124 R
1361 4073 1573 4127 omae
1594 4046 1789 4151 apud
1808 4059 2102 4121 sanctos
2131 4045 2535 4148 Apostolos
2554 4066 2698 4125 etc.

493 4173 573 4232 vt
611 4181 851 4260 supra.
