2926 4849
1996 618 2001 624 ι
2071 511 2227 582 323

195 711 394 792 sectas
430 731 774 790 tenorum
813 709 1454 790 subnotandorum
1484 736 1505 805 ;
1539 714 2035 816 supplicantes
2068 715 2337 796 exinde

192 820 427 927 prefati
470 827 782 923 vterq'ue
839 818 1207 895 Johannes
1250 820 1399 896 suis
1449 847 1540 896 ac
1592 822 2134 900 antedictorum
2177 822 2340 902 Ste-

193 927 386 1032 phani
421 943 497 1002 et
527 926 815 1002 Nicolai
840 983 862 1019 ‚
917 925 1229 1001 fratrum
1268 926 1604 1027 ipsorum
1644 928 2061 1004 nominibus
2115 927 2342 1007 Maie-

191 1036 332 1110 stati
351 1051 642 1109 nostrae
661 1032 1035 1120 humiliter
1063 1049 1139 1108 et
1174 1030 1474 1127 deuote,
1512 1043 1873 1132 quatenus
1897 1036 2087 1139 ipsas
2131 1041 2341 1140 quin·
2392 1111 2403 1120 ,

195 1167 317 1244 que
356 1133 599 1217 literas
639 1156 875 1230 ratas,
934 1153 1171 1237 gratas
1234 1156 1310 1213 et
1359 1155 1697 1242 acceptas
1759 1141 2133 1237 habend0‚
2212 1171 2340 1220 no-

193 1251 480 1349 strisque
517 1247 746 1322 literis
783 1244 1361 1351 priuilegialibus
1384 1247 1782 1324 verbaliter
1811 1250 2039 1323 inseri
2063 1267 2135 1323 et
2170 1276 2346 1325 con·

190 1355 380 1431 scribi
433 1351 828 1447 faciendo‚'
863 1380 998 1456 pro
1039 1351 1355 1434 eisdem,
1391 1352 1873 1458 ipsorumque
1922 1349 2341 1450 heredibus,

191 1479 251 1536 et
272 1458 813 1565 posteritatibus
835 1459 1232 1550 Vniuersis‚
1268 1459 1766 1561 perennaliter
1791 1460 2139 1537 valituras
2173 1490 2347 1539 con-

191 1565 453 1643 firmare
498 1564 993 1669 dignaremur.
1053 1564 1388 1664 Quarum
1429 1565 2150 1667 quidemliterarum
2202 1572 2349 1671 pri-

193 1674 625 1775 uilegialium
660 1675 899 1775 prime
921 1731 939 1757 ,
993 1672 1275 1748 scilicet
1311 1673 1643 1746 annotati
1675 1672 1973 1776 capituli
2006 1674 2348 1778 Scepusi-

189 1808 284 1856 en.
339 1779 744 1856 fassionalis
785 1799 1001 1856 tenor
1038 1777 1201 1852 talis
1245 1775 1410 1852 estz'
1448 1779 1609 1854 Nos
1640 1778 2059 1882 ‘capitulum
2096 1781 2346 1856 Eccle-

188 1890 269 1963 sie
301 1888 510 1964 Beati
561 1887 858 1962 Martini
889 1884 982 1959 de
1016 1884 1302 1987 Scepus
1345 1877 1449 1982 (v.
1504 1910 1727 1988 supra
1769 1913 1881 1960 an.
1929 1885 2185 1984 1430).
2225 1888 2347 1961 Al-

189 1991 386 2070 terius
421 2021 639 2085 vero,
673 1991 1019 2068 videlicet
1049 1990 1227 2064 dicti
1268 1987 1703 2066 Conuentus
1742 1992 1833 2065 de
1860 1992 2079 2068 Lelez
2116 1985 2342 2071 series¹

187 2098 298 2178 hec
335 2119 483 2178 est:
547 2099 912 2186 Omnibus
949 2137 1061 2154 -
1107 2095 2337 2200 Nicolaus‘Praepositus,

187 2207 823 2313 vtsupm.¹Te1-eie
861 2223 1105 2280 autem
1131 2201 1454 2278 eiusdem
1500 2206 1928 2281 Conuentus
1966 2207 2339 2282 continen-

188 2317 277 2389 cia
332 2317 679 2419 sequitur
721 2317 794 2388 in
848 2313 985 2388 hec
1041 2309 1303 2385 verba:
1395 2310 1775 2385 Omnibus‘
1831 2353 1939 2368 ·-
1999 2311 2345 2388 Nicolaus

187 2421 585 2528 Prepositus
632 2421 744 2516 (vt
772 2449 993 2524 supra
1033 2447 1146 2491 an.
1190 2412 1386 2514 hoc).
1446 2418 1731 2507 Quarta
1783 2446 2088 2523 quoque
2130 2446 2342 2523 prae-

186 2524 351 2611 libati
390 2530 833 2607 Conuentus
882 2526 973 2600 de
1004 2527 1254 2601 Jazow
1295 2526 1518 2599 series
1565 2526 1880 2601 verbalis
1936 2525 2344 2602 dinoscitur
2440 2622 2443 2625 .

184 2630 576 2711 fore-talis:
637 2624 1034 2710 -Omnibus
1071 2671 1180 2691 —-
1214 2633 1537 2706 Joannes
1604 2635 2029 2737 prepositus
2080 2675 2181 2686 —
2246 2634 2340 2709 de

183 2740 426 2820 Jazow-
462 2743 568 2839 (v.
627 2745 907 2845 supra.)
967 2739 1243 2827 Quinte
1295 2733 1659 2841 siquider'n
1723 2759 1797 2816 et
1844 2740 2108 2814 'vltime
2163 2759 2337 2846 puta

186 2849 478 2925 eiusdem
525 2863 936 2930 conuentus
976 2844 1068 2920 de
1102 2847 1353 2947 Jazow
1392 2844 1581 2920 ordo
1622 2848 1961 2948 sequitur
1995 2868 2070 2924 et
2102 2867 2210 2924 est
2239 2867 2337 2922 ta-

183 2952 282 3030 lis:
316 2957 694 3033 Omnibus
715 2957 762 3027 J
768 2953 1088 3030 ohannes
1111 2953 1576 3054 Prae-positus
1615 2953 1861 3054 (supra
1887 2983 2082 3029 anno
2110 2960 2334 3029 14:30.

182 3060 667 3165 supercastro'
703 3056 996 3160 Fyzer).
1055 3060 1212 3133 Nos
1257 3060 1484 3161 igitur
1522 3057 1939 3134 humillimis
1993 3077 2065 3136 et
2109 3062 2333 3138 deuo·

180 3169 860 3275 tispraelibatorum
897 3168 1280 3261 vtriusque
1336 3164 1690 3241 Johannis
1754 3164 1845 3241 de
1884 3169 2111 3241 Peren
2161 3195 2331 3268 sup·

178 3273 675 3375 plicationibus
700 3334 720 3371 ‚
775 3268 913 3380 per
948 3275 1142 3375 ipsos
1181 3271 1394 3346 nobis
1428 3273 1654 3345 modo
1690 3276 2008 3350 antelato
2046 3301 2329 3370 eorum,

177 3407 246 3456 ac
271 3372 951 3488 prenominatorum
975 3377 1328 3481 Stephani
1364 3398 1433 3453 et
1463 3381 1527 3453 N
1536 3381 1775 3475 icolai,
1808 3383 2112 3458 fratrum
2141 3386 2331 3485 ipso-

177 3516 315 3566 rum
390 3490 824 3567 nominibus
885 3486 1289 3561 subiectiue
1338 3484 1640 3579 oblatis,
1719 3489 1947 3592 regali
2002 3489 2331 3591 benigni-

180 3590 302 3674 tate
359 3599 770 3688 exauditis,
851 3612 927 3670 et
977 3596 1410 3669 clementer·
1455 3592 1817 3678 admissiS.
1890 3598 2331 3699 prescriptas

177 3711 480 3807 quinque
523 3706 764 3780 literas
799 3726 947 3776 non
993 3700 1320 3795 abrasas,
1376 3727 1530 3775 non
1567 3703 2041 3794 cancellatas,
2076 3729 2214 3778 nec
2251 3703 2326 3777 in

180 3811 393 3919 aliqua
440 3838 698 3886 earum
738 3825 946 3914 parte
985 3808 1316 3901 viciatas,
1369 3807 1500 3881 sed
1535 3813 1737 3884 omni
1776 3835 2074 3911 prorsus
2104 3813 2327 3913 suspi-

180 3921 387 3996 cionis
424 3912 778 4022 scrupulo
812 3913 1189 3989 destitutas
1242 3931 1315 3987 et
1355 3932 1738 4008 carente-S,
1796 3916 2330 4017 praesentibus·

182 4047 306 4124 que
327 4028 564 4102 literis
594 4023 858 4099 nostris
885 4017 1459 4123 priuilegialibus
1492 4020 1583 4092 de
1610 4021 1845 4095 verbo
1868 4020 1958 4096 ad
1995 4018 2330 4109 verbum,

181 4135 314 4209 sine
354 4133 672 4209 diminut
694 4154 839 4205 one
874 4145 949 4202 et
984 4141 1380 4229 augmento
1419 4126 1712 4231 aliquali
1744 4131 2043 4209 insertas
2067 4184 2089 4226 ,
2149 4156 2333 4232 quo-

182 4238 259 4313 ad
282 4264 540 4318 omnes
578 4240 907 4343 ipsarum
945 4235 1484 4327 continentias,
1546 4233 1902 4313 clausulas
1918 4255 2045 4377 ¹'et‘
2073 4240 2339 4316 articu-

697 4370 703 4380 “
1801 4352 1893 4418 21
