2926 4849
620 462 768 529 712

1985 613 2016 650 fi
2141 643 2156 658 x

1373 614 1845 740 cccxxxt.

510 826 762 900 Capituli
788 807 1131 880 ‘colocensis
1165 825 1343 877 eodem
1376 826 1446 876 -in
1487 789 1619 877 aicta
1639 824 1950 895 potentiali
1988 824 2303 886 relatorias,
2347 829 2416 882 A.
2455 826 2628 881 14³5.

697 976 1189 1055 Serenissimo
1266 977 1596 1082 Principi
1626 1033 1650 1074 ,
1754 975 2081 1055 Domino
2160 974 2661 1082 sigismundo
2691 1029 2720 1070 ‚

486 1087 659 1161 ‘Dei
688 1086 951 1191 gratia,
1010 1084 1527 1160 Romanorum
1550 1086 1996 1189 Imperatori
2033 1102 2331 1184 semper
2363 1085 2717 1185 Augusto

507 1218 596 1267 ac
643 1192 1107 1295 Hungariae,
1164 1186 1613 1281 Bohemiae‚
1675 1191 2115 1275 Dalmatiae,
2173 1191 2518 1267 Croatiae
2553 1209 2712 1267 etc.

504 1301 698 1401 Regi
729 1355 751 1392 ,
812 1300 1136 1373 Domino
1176 1299 1512 1403 ipsorum
1533 1300 1924 1391 GratiosO,
1983 1297 2411 1402 Capitulum
2453 1296 2718 1372 Eccle-

506 1408 656 1481 siae
718 1393 1141 1482 Coloce'nsis
1175 1404 1551 1481 orationes
1606 1407 1676 1479 in
1735 1405 2058 1480 Domino
2114 1423 2478 1508 perpetua
2529 1431 2709 1479 cum

506 1511 872 1588 fidelitate.
966 1510 1235 1587 Vestra
1281 1509 1587 1588 nouerit
1621 1507 2037 1603 serenitas,
2093 1510 2299 1614 quod
2337 1535 2516 1586 cum
2561 1537 2711 1587 nos

506 1610 830 1724 receptis
871 1617 1103 1693 literis
1155 1620 1417 1693 vestris
1452 1618 1937 1715 annualibus,
1991 1617 2228 1721 sigillo
2277 1635 2534 1692 vestro
2566 1645 2710 1693 no-

509 1754 631 1814 uo-
661 1722 1029 1829 imperiali
1087 1724 1579 1829 consignatis,
1633 1752 1774 1829 pro
1821 1723 2243 1800 honorabili
2303 1725 2708 1800 Conuentu

505 1832 1069 1909 cruciferorum
1123 1830 1403 1908 Domus
1455 1828 1830 1936 hospitalis
1871 1831 2248 1907 Ecclesiae
2296 1831 2502 1906 Beati
2539 1832 2707 1906 Re-

508 1940 622 2042 gis
672 1937 1036 2041 Stephani
1088 1936 1184 2012 de
1250 1937 1443 2013 Alba
1497 1964 1634 2043 per
1683 1939 2002 2014 ‘eandem
2057 1934 2554 2014 serenitatem
2601 1941 2712 2012 eis

509 2047 680 2124 dem
733 2046 1051 2147 gratiose
1098 2043 1286 2121 datis
1336 2061 1412 2119 et
1484 2047 1896 2139 concessis,
1964 2046 2336 2149 nobisque
2397 2070 2702 2150 praece·

509 2152 754 2259 ptorie
811 2153 1148 2234 directis,
1207 2152 1410 2227 iuxta
1454 2150 1890 2228 earumdem
1936 2153 2468 2229 continentiam
2518 2176 2707 2224 vna·

510 2265 686 2337 cum
732 2257 1121 2363 Stephano
1155 2256 1249 2332 de
1290 2256 1460 2336 Aba
1496 2258 1798 2335 homine
1835 2260 2134 2351 Vestro,
2189 2260 2265 2332 in
2281 2257 2575 2334 “iisdem
2621 2259 2705 2332 li-

509 2368 689 2445 teris
742 2366 1002 2443 vestris
1040 2363 1479 2443 annualibus
1541 2367 1737 2443 inter
1779 2365 1962 2442 alios
2022 2365 2359 2469 homines
2408 2386 2706 2443 vestros

511 2477 971 2577 conscriptos
1004 2474 1440 2550 nominatim
1474 2498 1866 2579 expresso,
1923 2490 2259 2549 nostrum
2293 2471 2700 2567 hominem,

507 2579 857 2656 videlicet
906 2577 1423 2660 honorabilem
1494 2581 1764 2656 Virum
1813 2581 2253 2685 Magistrum
2318 2579 2653 2656 Blasium
2676 2638 2701 2674 ,

509 2688 797 2763 socium
837 2703 915 2759 et
948 2684 1552 2761 concanonicum
1593 2707 1973 2779 nostrum,
2025 2686 2121 2762 ad
2153 2686 2703 2791 infrascriptam

223 2892 227 2901 ⁸
302 2868 328 2901 ,Ι
428 2801 439 2805 ”
507 2793 1067 2897 inquisitionem
1102 2786 1518 2867 faciendam
1553 2813 1812 2871 nostro
1838 2820 1976 2898 pro
2012 2797 2428 2872 testimonio
2468 2811 2703 2871 trans·

509 2901 953 2978 misissemus
1000 2896 1147 2973 fide
1196 2896 1522 3001 dignum.
1596 2904 1746 2991 Qui
1782 2902 2084 2978 demum
2130 2899 2399 2980 exinde
2439 2901 2530 2976 ad
2561 2928 2702 2978 nos

414 3006 421 3019 '
510 3009 795 3085 reuersi
861 3006 1083 3089 nobis
1133 3032 1715 3116 ‘consonaffoce
1760 3010 2212 3085 retulerunt:
2293 3007 2500 3110 quod
2559 3008 2700 3113 ipsi

374 3200 378 3204 Α
506 3112 722 3190 feria'
751 3110 1073 3191 secunda
1130 3114 1472 3217 proxima
1538 3133 1722 3218 post
1777 3115 2049 3191 festum
2122 3113 2558 3194 visitationis
2617 3117 2697 3190 B.

505 3220 792 3297 Mariae
830 3220 1161 3319 Virginis
1197 3222 1541 3322 proxime
1584 3222 1954 3324 elapsum,
2007 3225 2083 3295 in
2133 3223 2511 3299 Comitatu
2549 3222 2701 3297 AJ-

506 3325 713 3403 bensi
764 3327 983 3403 simul
1038 3324 1569 3430 procedendo,
1624 3327 1722 3403 ab
1786 3326 2581 3406 omnibus‘nobilibus
2626 3348 2703 3406 et

505 3431 1002 3536 ignobilibus,
1058 3459 1146 3508 ac
1204 3432 1508 3510 alterius
1561 3438 1879 3512 cuiusuis
1926 3453 2155 3511 status
2205 3435 2697 3513 etconditio-

506 3542 617 3616 nis
673 3539 1158 3631 hominibus,
1215 3539 1458 3644 palam
1503 3559 1581 3617 et
1635 3544 1925 3617 occulte
1972 3542 2533 3647 inuestigando‚
2593 3561 2698 3617 ta·

448 3688 453 3701 ⁴
504 3648 653 3726 lem
700 3648 793 3724 de
850 3646 1341 3747 infrascriptis
1404 3650 1940 3752 comperissent
1983 3653 2411 3727 veritatem:
2473 3642 2696 3738 Quo-

498 3754 726 3832 modo
775 3750 1245 3829 honorabilis'
1274 3750 1414 3828 Vir
1453 3753 1809 3856 Magister
1841 3755 2212 3833 Johannrs
2246 3757 2491 3834 dictus
2539 3757 2700 3830 Ze·-

498 3862 661 3958 ket,
725 3863 1147 3938 Canonicus
1179 3857 1552 3935 Ecclesiae
1593 3862 1670 3936 S.
1721 3861 2005 3937 Nicolai
2053 3860 2522 3940 Confessoris
2564 3888 2696 3937 ex-

498 3985 611 4042 tra
675 3968 939 4044 Muros
992 3968 1214 4045 castri
1275 3965 1661 4063 Albensis‚
1735 3985 1810 4041 et
1867 3968 2151 4044 Rector
2214 3969 2564 4073 Capellae
2599 3968 2687 4043 B.

498 4077 724 4181 R'egis
767 4072 1084 4151 Ladislai
1119 4072 1210 4147 ad
1246 4072 1432 4151 latus
1471 4075 1768 4151 maioris
1801 4073 2178 4152 Ecclesiae
2215 4077 2483 4153 Beatae
2529 4074 2688 4150 Ma-

418 4174 427 4183 ’
497 4182 1019 4285 νίιιεὛίνςίηἰε
1055 4180 1561 4283 Albaeregalis
1596 4179 1985 4271 fundatae,
2033 4210 2334 4288 magnas
2369 4185 2685 4288 particu·
