2926 4849
2147 481 2294 552 7⁰1

190 684 576 760 nobilium
637 679 1011 773 virorum,
1086 708 1269 786 pro
1283 705 1544 756 eorum
1603 699 1815 786 parte
1876 682 2411 774 laborantium.
2507 763 2514 770 .
2609 707 2614 714 '

192 791 280 866 in
341 817 601 868 eorum
652 786 976 868 medium
990 736 1494 879 introducta,
1541 812 1647 864 ex
1700 791 2034 870 seriebus
2071 795 2297 872 etiam
2331 814 2410 872 et

192 897 680 981 continentiis
737 895 1117 970 literatum
1178 915 1254 971 et
1302 896 1692 970 literaiium
1736 899 2405 979 insttumentorum

196 1009 695 1114 praescriptas
735 999 1271 1126 possessionem
1306 1003 1720 1104 Zemelnye
1767 1030 1853 1078 ac
1885 1007 2223 1082 Casti-um
2247 1011 2407 1085 Ma-

194 1112 578 1205 ltauicba,
639 1128 714 1184 et
750 1110 1236 1214 pettinentias
1275 1110 1606 1185 eiusdem
1645 1116 2131 1215 tangentium,
2191 1135 2268 1191 et
2300 1118 2416 1193 fa·-

196 1238 407 1297 ctum
461 1218 896 1295 eotumdem
950 1216 1505 1309 demorantium,
1538 1237 2090 1324 agnoscentes,
2164 1242 2240 1300 et
2289 1252 2407 1300 re·

198 1337 386 1403 uera
428 1326 964 1431 percipientes,
1023 1341 1101 1397 vt
1157 1324 1483 1426 praefata
1523 1314 1895 1426 possessio
1948 1345 2026 1403 et
2080 1348 2402 1407 castrum

195 1430 725 1534 Makawycba,
802 1433 1443 1541 pettinentiaeque
1536 1430 1963 1508 earumdem
2032 1437 2407 1538 praefatos

192 1544 570 1617 Joannem
610 1540 994 1630 Gombos,
1054 1539 1442 1613 Nicotaum
1493 1535 1724 1612 Siras
1754 1558 1830 1614 et
1876 1559 2219 1620 caeteros
2266 1541 2406 1621 sra-

200 1670 352 1726 tres
409 1643 848 1724 eorumdem
929 1648 1532 1767 praenominatos
1600 1646 1825 1748 pleno
1894 1648 2055 1721 iure
2133 1667 2402 1755 tange-

174 1774 394 1850 rent,
455 1774 529 1831 et
568 1767 1170 1846 conceineient3
1224 1753 1395 1825 ideo
1436 1753 1572 1854 ipsi
1614 1753 1712 1826 de
1753 1752 1968 1828 dietis
2003 1765 2404 1881 possessio-

68 1943 87 1955 ,
157 1891 300 1951 ‚ne
349 1861 800 1961 Zemelnjqe
854 1886 941 1933 ac
1001 1876 1248 1933 castro
1303 1859 1831 1967 Makawycha‚
1890 1887 1977 1938 ac
2022 1868 2401 1964 pertinen·

203 1971 329 2044 tiis
372 1965 901 2062 eotumdem,
969 1965 1177 2040 duas
1205 1967 1528 2067 integias
1587 1993 1845 2044 eorum
1906 1975 2403 2072 possessiones

164 2079 449 2154 'Lusan
493 2095 565 2151 et
611 2075 839 2179 Bujak
895 2091 1238 2166 vocatas,
1294 2076 1397 2146 in
1392 2071 1682 2147 eodem
1724 2079 2093 2151 comitatu
2141 2079 2233 2152 de
2276 2077 2403 2152 Sit·

202 2211 334 2261 ros
377 2184 777 2257 existentes
833 2199 910 2260 et
956 2180 1240 2254 habitas
1282 2180 1423 2255 sub
1479 2181 1859 2272 cursibus,
1922 2185 2279 2260 limitibus
2326 2205 2404 2263 et
2479 2245 2486 2255 .

207 2291 542 2367 terminis
623 2290 770 2363 auti
834 2287 948 2363 uis
1005 2285 1444 2378 metalibus,
1545 2272 1821 2389 quibus
1888 2291 2024 2393 ipsi
2103 2283 2414 2374 easdem„

208 2398 710 2502 possessiones
752 2313 847 2469 εἳ)
884 2395 1062 2470 oiim
1104 2420 1341 2495 vsque
1400 2393 1491 2468 ad
1535 2393 1714 2472 haee
1753 2399 2093 2500 tempora
2132 2399 2403 2476 tenuis-
2489 2464 2494 2467 ,

206 2515 406 2596 sent,
466 2503 996 2607 possedissent
1054 2518 1131 2577 et
1172 2506 1278 2578 vsi
1324 2501 1636 2579 fuissent
1663 2559 1684 2597 ,
1738 2541 1848 2561 ·--
1887 2544 1992 2562 —-
2032 2507 2402 2607 praetitu-

206 2613 373 2687 latis
412 2613 728 2688 Johanni
765 2608 1145 2701 Gornbos,
1183 2610 1495 2685 Nieoiao
1533 2606 1770 2698 StraS,
1815 2628 1956 2685 ete.
2002 2611 2398 2709 dedissent,

209 2720 604 2794 donassent
661 2735 735 2793 et
774 2715 1301 2810 contulissent,
1358 2719 1586 2792 immo
1629 2761 1738 2775 —
1755 2715 2190 2813 dederunt,
2225 2719 2398 2795 ‘do-

205 2847 472 2905 nar-unt
531 2842 607 2900 et
644 2824 1138 2898 contulerunt.
1180 2862 1285 2878 --
1318 2864 1421 2876 —-
1466 2824 1795 2898 Datum
1775 2853 1850 2900 m
1887 2825 2078 2904 festo
2129 2831 2397 2905 Inuen-

204 2933 428 3009 tionis
475 2932 554 3008 S.
595 2931 854 3004 Crucis
895 2931 1117 3005 Anno
1151 2928 1701 3005 MCDXXXV.

220 3142 231 3145 -
289 3063 382 3122 Ex
414 3054 693 3142 originali
723 3057 1011 3137 Wagner
1049 3049 1221 3114 Com.
1265 3049 1453 3114 Saros
1482 3076 1548 3139 p.
1582 3052 1667 3115 60
1697 3075 1790 3138 sq.

264 3190 278 3199 ’
1072 3225 1547 3304 cccxxlv.

198 3366 527 3439 Capitulum
563 3368 857 3422 Coloe-ense
900 3369 965 3421 de
994 3365 1353 3439 portionibus
1388 3364 1878 3435 Ροηοεσίοηονίἰε
1908 3338 2020 3437 ρει·1
2044 3365 2396 3421 Mantalios

383 3469 645 3527 potenter
669 3459 964 3529 oecupaeis
996 3458 1191 3527 resen.
1250 3444 1542 3509 41435.
2429 3454 2437 3460 “

399 3546 893 3647 Serenissimo
935 3567 1283 3671 principi,
1327 3564 1658 3638 Domino
1695 3561 2215 3673 sigismundo,
2254 3564 2399 3640 Dei

210 3677 485 3776 gratia,
561 3678 1077 3751 Romanorum
1126 3673 1582 3780 Imperatori
1658 3696 1955 3773 semper
2007 3671 2395 3772 Augusto,

208 3808 295 3857 ao
339 3784 805 3883 Hungariae,
867 3780 1305 3870 Bohemiae,
1363 3777 1826 3877 Dalmatiae,
1874 3777 2217 3852 Croatiae
2252 3796 2394 3854 ete.

202 3890 443 4013 Regi,
500 3891 826 3962 Domino
885 3893 1211 3990 ipsorum
1255 3888 1630 3986 gratiosO,
1688 3866 2102 3988 Capitulum
2144 3884 2398 3959 Eccle-

206 3998 356 4071 sia'e
386 3993 863 4090 colocensis,
922 3993 1297 4073 orationes
1337 3995 1409 4066 in
1461 3992 1767 4067 domino
1818 4008 2180 4107 perpetua
2219 4016 2395 4066 cum

213 4102 562 4183 fidelitate
611 4103 878 4180 Vestra
932 4102 1230 4191 nouerit
1278 4099 1691 4191 serenitas,
1748 4097 1959 4200 quod
2024 4122 2196 4172 cum
2257 4123 2394 4172 nos

215 4208 536 4315 receptis
581 4210 816 4286 literis
865 4210 1127 4287 vestris
1165 4206 1603 4283 annualibus
1641 4233 1782 4311 pm
1828 4204 2227 4284 Conuentu
2247 4196 2391 4281 Ec-
