2926 4849
2171 479 2299 553 -61
2365 517 2384 565 t

202 675 437 756 CXC.
485 671 695 751 Idem
725 673 1057 781 Georgio
1087 674 1525 783 Praeposito
1551 674 1873 787 Scepus.
1896 682 1979 757 in
2009 682 2410 789 captiuita-

420 802 492 861 te
522 783 1002 860 Hussitarum
1039 781 1438 880 defuncto,
1490 785 1855 871 Ioannem
1898 787 2169 887 stads,
2226 816 2412 898 spe-

412 890 677 968 cialem
719 889 1115 992 Physicum
1147 916 1234 966 ac
1255 891 1782 970 Consiliarium
1813 919 2031 972 suum
2051 953 2074 990 ,
2119 901 2407 979 sufficit.

203 995 458 1076 CXCI.
514 997 724 1073 Idem
764 993 1461 1075 Kesmarkiensibus
1498 1027 1639 1106 per
1672 1000 2006 1080 Hussitas
2033 1002 2412 1093 Bohemos

204 1136 215 1141 ⁴
414 1102 896 1181 damnificatis
957 1128 1320 1181 censuum
1370 1107 1910 1185 relaxationem
1948 1109 2401 1216 impertitur.

188 1211 500 1288 CXCII.
551 1208 760 1287 Idem
817 1210 1197 1289 libertates
1239 1213 1546 1290 ciuium-
1581 1215 1945 1293 Kesmark
1996 1215 2409 1298 literalibus

409 1310 678 1502 egl-aui?
714 1320 1220 1398 instrumentis
1240 1374 1263 1419 ,
1317 1321 1813 1427 perHussitas
1858 1321 2216 1420 alienatis,
2273 1349 2408 1404 re-

408 1452 446 1501 8
657 1443 707 1501 t·

186 1532 522 1630 CXCIII.
575 1550 787 1630 Idem
833 1550 1121 1628 ciuium
1152 1551 1247 1631 de
1296 1551 1539 1631 Bartfa
1576 1581 1619 1629 a
1664 1552 2051 1652 tributaria
2095 1555 2403 1634 solutio-

404 1688 505 1736 ne
541 1675 801 1736 contra
840 1656 1348 1763 vaurpationes
1371 1661 1684 1766 Georgii
1716 1661 2034 1783 Despoti
2056 1660 2396 1756 Rasciae,
2543 1737 2554 1748 ,

407 1769 488 1843 in
546 1764 760 1844 bonis
818 1791 958 1872 per
994 1766 1467 1874 ⁴Hungariam
1524 1793 1877 1874 possessis
1898 1824 1922 1864 ‚
1975 1769 2400 1848 immunita-

405 1890 563 1951 tem
602 1871 951 1950 vindicat.
2117 1874 2124 1879 ’

187 1979 525 2058 CXCIV.
578 1977 783 2058 Idem
818 2004 1075 2057 muros
1092 1978 1684 2060 Kesmarkenses
1699 1995 1906 2058 metu
1936 1978 2396 2075 Huaeitarum

398 2117 561 2166 non
600 2087 924 2178 destrui,
977 2084 1110 2165 sed
1144 2083 1534 2189 fortificari
1569 2085 1954 2193 praecipit.
2117 2070 2136 2091 ι

190 2214 490 2292 CXCV.
543 2213 753 2289 Idem
820 2214 1360 2317 possessionem
1416 2211 1535 2291 Sz.
1597 2208 1890 2289 Andras
1943 2237 2087 2315 per
2121 2212 2396 2317 capita·

397 2346 587 2399 neos
621 2319 1134 2397 Philisteorum
1191 2335 1675 2426 occupatam,
1729 2319 2019 2396 restitui
2079 2315 2396 2398 firmissi-

397 2457 526 2505 me
570 2424 984 2505 demandat.
1328 2451 1329 2454 ’

187 2516 528 2614 CXCVI·
578 2534 784 2611 Idem
826 2533 1099 2611 Joanni
1149 2535 1546 2614 Francisco
1587 2534 1682 2611 de
1731 2533 2118 2640 Gonzaga,
2174 2533 2392 2613 Mar-
2557 2623 2560 2628 .
2686 2539 2695 2550 '

402 2642 823 2719 chionatum
849 2641 1223 2739 Mantuae,
1278 2642 1625 2749 illiusque
1655 2640 2219 2720 decorationem
2254 2668 2393 2720 so·

399 2749 721 2826 lenniter
759 2749 1129 2853 elargitur.

188 2876 564 2952 CXCVII.
619 2873 827 2950 Idem
888 2875 1242 2951 'Castrum
1282 2870 1652 2981 -Hegyesd
1669 2925 1699 2963 ,
1772 2901 1913 2979 per
1961 2871 2388 2955 Ladislaum

397 2980 495 3059 de
511 2977 921 3105 ’Sze'clneny
976 2980 1250 3107 lJIicolo
1299 2978 1395 3058 de
1459 2975 1691 3084 Salyo
1729 2979 2215 3088 impignorari
2257 3001 2387 3063 aut

189 3194 385 3273 CXC
391 3084 1320 3295 {ssffignsfflgrffiltfghem
1364 3145 1741 3273 Comitem
1758 3250 1786 3286 ,
1843 3210 1923 3270 et
1980 3192 2385 3299 Casparem

391 3301 646 3382 Schlik
665 3355 692 3390 ,
747 3300 1526 3379 vice-cancellarium
1575 3326 1851 3395 suum„
1879 3299 2381 3381 Ambassiato·

386 3437 515 3488 res
541 3413 906 3503 Romam,
964 3436 1107 3514 pro
1148 3410 1418 3487 vnione
1458 3406 1825 3517 pactanda
1861 3407 2181 3514 ablegat.

180 3538 517 3615 CXCIX.
591 3532 1232 3611 Ambassiatorum
1292 3529 1753 3638 sigismundi
1810 3531 2243 3635 procuratio
2297 3533 2380 3610 in

390 3641 848 3722 Consistorio
886 3638 1190 3742 publico
1226 3641 1600 3738 praestita.

176 3752 313 3833 CC.
371 3750 707 3855 Capitula
740 3748 931 3824 inita
966 3749 1177 3824 inter·
1195 3746 1614 3852 Eugenium
1647 3741 1781 3822 IV.
1831 3742 1966 3846 ΕΡ.
2006 3768 2096 3822 ac
2133 3739 2377 3850 Sigis-

379 3856 753 3936 mundumv
778 3879 1038 3957 regem
1092 3850 1878 3932 antecomnationalia.

180 3992 339 4070 cel.
393 3988 603 4067 Idem
646 3984 1160 4089 sigismundus
1214 3981 1552 4059 Patribus
1597 3976 1891 4083 Synodi
1938 3976 2374 4059 Basileensis

377 4093 825 4192 concordiae
882 4118 1055 4172 cum
1124 4092 1214 4170 R.
1288 4085 1644 4167 Pontifiee
1708 4088 1933 4165 initae
1999 4086 2369 4166 rationem

380 4199 650 4282 reddit.
687 4304 690 4309 ¹
