2926 4849
2132 460 2287 538 sss
2336 573 2343 578 ἢ

195 671 359 752 ensi
396 667 922 766 existentibus,
977 685 1056 749 et
1087 671 1410 768 situatis,
1465 694 1556 750 ae
1603 668 1933 766 tributo,
1989 671 2388 754 vniuenis·

189 807 345 885 que
395 780 560 855 aliis
596 805 854 857 earum
900 779 1408 882 pertinentys,
1462 775 2061 876 etvtilitatibus,
2112 778 2256 857 sibi
2306 781 2387 858 in

127 921 134 928 ·
190 886 560 963 tributum
623 884 984 963 canonice
1035 883 1287 979 factis,
1363 910 1600 989 vsque
1658 886 1740 960 in
1804 886 2391 991 praesentiarum

185 996 446 1094 quiete
485 1012 558 1070 et
585 991 893 1096 pacifice
932 995 1279 1072 tenuisset
1310 1009 1387 1069 et
1419 993 1900 1096 possedisset3
1938 1009 2187 1070 tamen
2219 995 2387 1097 qui->

186 1099 362 1175 dam
405 1096 826 1189 Ladislaus,
880 1097 1070 1175 filius
1116 1096 1441 1174 Simonis
1475 1096 1570 1172 de
1613 1095 1914 1174 Ladeon
1939 1154 1962 1194 ,
2017 1124 2105 1175 ac
2138 1101 2384 1177 Joan-

184 1233 324 1284 nes
376 1207 691 1311 Magnus
743 1206 839 1281 de
882 1204 1384 1302 Sarlokiiz'fl)
1422 1205 1531 1281 tui
1566 1199 2003 1301 familiares,
2057 1205 2383 1295 eundem

185 1313 676 1414 Laurentium
724 1310 1202 1388 Cruciferum
1240 1309 1335 1386 de
1369 1308 1742 1405 Ecclesia,
1795 1310 2025 1389 domo
2065 1331 2142 1389 et
2165 1333 2384 1417 prae·
2424 1331 2428 1335 ”

185 1421 525 1523 ceptoria
585 1418 989 1524 praedictis
1039 1416 1520 1496 et.omnibus
1555 1442 1814 1494 earum
1868 1420 2380 1524 pertin‘entys,

185 1550 460 1603 eorum
489 1526 824 1633 potentia
860 1526 1281 1618 mediante,
1334 1525 1720 1603 eiecissent
1757 1540 1835 1604 et
1868 1526 2379 1625 exclusissent,

185 1659 276 1710 ac
325 1631 466 1709 illis
501 1649 578 1709 et
607 1636 969 1710 vniuersis
1004 1631 1156 1709 suis
1209 1631 1432 1709 bonis
1481 1634 1728 1735 ipsum
1764 1631 2245 1734 spoliassent,
2300 1653 2381 1713 et

171 1740 395 1843 ‘quod
434 1737 672 1817 dictus
720 1735 1093 1818 Ladislaus
1140 1736 1237 1815 de
1298 1736 1605 1826 Ladeun
1627 1793 1651 1826 .
1758 1736 2160 1818 raedictam
2208 1765 2379 1844 pos·

182 1851 585 1925 sessionem
621 1847 1044 1949 Kereztyen
1078 1862 1412 1936 vocatam
1444 1843 1637 1922 adeo
1723 1846 2112 1940 esolasset,
2155 1842 2378 2028 guod

179 1953 431 2031 nullus
484 1953 931 2031 inhabitator
984 1953 1339 2030 existeret
1385 1953 1462 2030 in
1512 1954 1885 2056 praesenti
1948 1955 2026 2028 in
2067 1978 2156 2029 ea
2208 1979 2373 2041 em.

181 2062 554 2166 pluraque
608 2063 746 2138 alia
796 2060 1064 2136 damna
1112 2074 1191 2135 et
1231 2076 1684 2146 nocumenta
1721 2059 1862 2137 sibi
1903 2058 2368 2157 intulissent,

149 2181 264 2260 ⁸et
295 2169 764 2270 irrogassent.
811 2169 891 2242 in
923 2164 1148 2272 ipsius
1180 2165 1564 2268 Laurenty
1603 2165 1952 2258 cruciferi
1984 2164 2374 2272 praeiudi-

177 2277 423 2367 cium,
476 2272 851 2368 damnum,
907 2300 1333 2379 grauamen,
1389 2288 1473 2347 et·
1511 2273 1692 2350 iuris
1734 2253 2184 2379 dei-ogamen
2221 2273 2372 2351 val-
2450 2273 2455 2280 “

176 2381 279 2459 de
315 2409 687 2489 magnum.
742 2384 990 2481 Quare
1032 2407 1169 2485 per
1201 2376 1526 2457 eundem
1568 2380 2056 2459 Laurentium
2109 2382 2368 2458 Cruci·
2452 2411 2463 2422 ·

177 2490 429 2568 ferum
469 2505 786 2572 ,nostiae
834 2486 972 2565 fuit
1010 2487 1385 2565 humiliter
1422 2489 1914 2592 supplicatum
1959 2485 2366 2584 Maiestati,
2452 2474 2463 2499 ¹

178 2615 267 2673 vt
299 2596 440 2672 sibi
487 2624 715 2701 super
765 2597 883 2673 his
939 2623 1032 2672 ex
1078 2593 1298 2672 solita
1350 2611 1648 2671 nostrae
1696 2592 2175 2671 celsitudinis
2207 2594 2367 2672 Cle-

175 2705 459 2780 mentia
495 2704 590 2780 de
617 2721 1042 2809 opportuno
1065 2700 1397 2780 remedio
1430 2700 1830 2807 prouidere
1862 2701 2363 2803 dignaremur.

174 2810 341 2887 Nos
371 2813 623 2912 itaque
669 2811 1082 2914 praefatum
1117 2809 1603 2886 Laurentium
1638 2808 2110 2886 Cruciferum
2148 2840 2190 2885 a
2222 2808 2365 2886 tuis

171 2916 715 3009 familiaribus,
770 2935 898 2994 aut
926 2939 1386 3020 quocunque
1423 2915 1613 3010 alie,
1666 2913 1881 2991 dictis
1928 2917 2074 2997 suis
2118 2916 2365 2994 Eccle-

173 3024 326 3118 sia,
416 3024 646 3101 domo
711 3016 806 3101 et'
839 3024 1361 3125 Praeceptoris
1409 3040 1489 3098 et
1537 3046 1795 3097 earum
1849 3023 2312 3122 pertinentiis
2332 3073 2360 3110 ,

65 3220 79 3231 ,
172 3133 426 3207 minus
460 3132 686 3226 iuste,
741 3150 818 3209 et
873 3126 1208 3206 indebite
1263 3125 1604 3220 destitui,
1662 3142 1739 3204 et
1779 3118 2083 3232 priua?
2106 3129 2363 3204 nolen-

173 3256 334 3326 tes,
388 3236 724 3327 fidelitati
774 3257 987 3331 tuae,
1040 3237 1409 3342 praesenti
1460 3252 1739 3337 nostro·
1793 3252 1873 3312 et
1920 3232 2167 3311 dietali
2220 3231 2363 3313 sub

172 3338 637 3454 praecepto,
689 3345 1103 3423 firmissime
1135 3342 1623 3433 mandamus,
1709 3358 2069 3441 quatenus
2116 3335 2366 3419 habita

166 3454 678 3562 praesentium
722 3454 1014 3537 notitia,
1069 3452 1216 3527 alio
1266 3466 1520 3525 nostro
1566 3446 1913 3526 mandato
1956 3447 2355 3554 superinde

168 3562 485 3653 minime
525 3578 919 3665 expectato
939 3615 960 3652 ,
1015 3561 1077 3634 si
1114 3575 1189 3635 et
1233 3558 1309 3633 in
1356 3572 1718 3659 quantum
1746 3553 2192 3647 Ecclesiam,
2232 3551 2363 3630 do-

165 3695 384 3745 mum
438 3685 510 3745 et
567 3666 1166 3771 Praeceptoriam
1215 3662 1297 3741 S.
1349 3662 1657 3739 Joannis
1719 3659 2127 3764 praedictas
2157 3664 2361 3738 'eum

171 3801 443 3854 earum
473 3775 934 3880 pertinentiis
971 3790 1047 3850 et
1080 3768 1513 3848 vtilitatibus
1549 3767 1693 3870 ipsi
1729 3766 2137 3845 Laurentio
2176 3767 2364 3841 Cru-

79 3906 88 3913 ·
176 3882 418 3957 cifero
456 3907 550 3959 ex
593 3881 1022 3985 prouisione
1063 3896 1143 3955 et
1180 3875 1585 3954 collatione
1619 3876 1762 3949 iam
1811 3874 1941 3951 fati
1980 3869 2360 3971 quondam

179 3987 480 4064 Alberti
532 3987 632 4062 de
669 3986 936 4087 Vngh,
991 3985 1302 4067 Prioris,
1357 3985 1501 4058 rite
1554 3998 1629 4057 et
1683 3982 2037 4057 canonice
2077 3977 2221 4056 sibi
2260 3971 2387 4071 fas
2460 4053 2467 4057 .

178 4096 364 4188 ctis,
419 4096 610 4173 iusto
666 4096 849 4169 iuris
897 4094 1113 4170 titulo
1173 4090 1557 4197 pertinere
1605 4086 1925 4180 debere,
1995 4114 2134 4191 per
2190 4111 2366 4197 eunf

181 4200 509 4303 demque
568 4216 803 4277 tentas
833 4216 916 4277 et
958 4222 1333 4303 possessas
1365 4194 1603 4274 *fuisse
1644 4210 2167 4298 agnoscentes.
2221 4214 2365 4268 ex·
2478 4282 2485 4287 .
