2926 4849
573 494 730 569 ⁴04

373 795 378 804 .
471 706 703 810 ipsam
739 699 1130 776 Ciuitatem
1160 695 1551 775 fluentium
1603 686 2043 803 abantiquis
2093 693 2535 776 molendinis
2586 698 2670 776 in

468 813 900 914 Vazynam‚
956 803 1226 884 deinde
1273 803 1368 881 de
1405 804 1711 906 Vazyna
1753 832 1892 908 per
1925 831 2197 910 pascua
2238 807 2671 883 communia

469 919 548 995 in
581 918 810 1019 vulgo
853 911 1052 1014 Lazy
1091 929 1352 990 vocata
1386 912 1480 987 ad
1530 939 1758 1016 aquas
1794 911 2077 1017 tepidas
2119 939 2262 1017 pro
2301 913 2448 989 alio
2486 938 2666 994 mo,-

463 1023 773 1100 lendino
812 1018 1195 1096 fundando
1225 1076 1247 1112 ‚
1301 1044 1430 1094 seu
1467 1017 1968 1113 aedificando,
2027 1019 2365 1096 dedimus
2387 1071 2413 1114 ,
2440 1019 2663 1094 ‹asai-

460 1132 880 1236 gnauimus,
917 1144 992 1202 et
1032 1125 1639 1231 deputamus-ita,
1674 1141 1756 1201 vt
1799 1124 2074 1203 ducant
2107 1154 2336 1232 aquas
2372 1126 2665 1201 molen-

455 1238 640 1314 dino
672 1234 1124 1312 necessarias
1158 1237 1237 1308 in
1271 1258 1541 1338 eampo
1574 1239 1841 1314 nostro
1870 1260 2011 1336 per
2028 1258 2339 1314 nemora
2377 1249 2655 1329 nostra,

453 1359 538 1422 et
573 1366 1061 1449 pez-pascua,
1110 1338 1377 1415 fossata
1396 1335 1775 1417 ‘fodiendo
1817 1337 2105 1435 libere,
2160 1344 2458 1434 nemine
2507 1365 2658 1443 pe·
2708 1401 2725 1420 ,

452 1453 651 1526 nitus
671 1448 1103 1542 obsistente,
1134 1464 1260 1522 aut
1282 1445 1856 1548 quomodolibet
1885 1445 2367 1554 impediente,
2409 1465 2660 1528 tamen

453 1557 616 1634 sine
650 1554 1032 1660 Agrorum
1084 1552 1478 1630 arabilium
1515 1571 2016 1646 nocumento,
2074 1558 2453 1659 signanter
2514 1554 2659 1632 etia

447 1691 569 1741 am
616 1677 937 1768 propter
989 1660 1414 1737 futurorum
1471 1676 1883 1746 euentuum
1940 1659 2356 1759 Cautelam,
2446 1660 2509 1752 ei
2567 1662 2650 1737 in

443 1793 790 1846 successu
837 1769 1196 1871 temporis
1230 1765 1354 1842 ille
1388 1763 1806 1842 Molendini
1845 1763 2059 1847 locus
2092 1765 2294 1844 forte
2329 1792 2469 1871 per
2512 1759 2650 1841 flu-

446 1877 557 1953 uii
589 1874 802 1978 Vagh
833 1872 1301 1951 excessiuam
1340 1867 1898 1951 inundationem
1920 1927 1948 1970 ‚
1999 1892 2129 1953 aut
2158 1900 2299 1979 per
2329 1874 2465 1952 alia
2522 1873 2649 1947 in-

451 1981 836 2060 euitabilia‘
878 1975 1420 2057 annihilaretur
1461 1976 2038 2085 impedimenta,
2092 2005 2227 2058 seu
2275 1975 2647 2058 reddere-

444 2107 575 2167 tur
609 2088 960 2195 ineptior,
995 2104 1272 2162 extunc
1302 2085 1476 2162 alibi
1523 2087 1602 2160 in‘
1638 2111 1907 2192 campo
1938 2106 2226 2183 nostro,
2265 2088 2345 2165 in
2382 2083 2650 2188 iisdem

451 2196 692 2298 aquia,
723 2193 852 2270 vbi
892 2195 996 2269 eis
1030 2190 1417 2270 videretur
1435 2196 1893 2272 conueniens
1916 2193 2413 2283 translocandi
2447 2189 2652 2272 idem

445 2299 956 2381 molendinum
997 2318 1262 2378 tenore
1308 2301 1854 2402 praesentium,
1907 2299 2177 2399 modo.
2234 2289 2399 2405 quo
2424 2327 2654 2405 supro

446 2408 745 2520 plenam
798 2406 1193 2486 tribuimus
1249 2404 1723 2503 facultatem3
1816 2404 1961 2487 hoc
2020 2408 2242 2487 etiam
2306 2405 2603 2485 adiecto
2624 2463 2654 2505 ,

452 2533 687 2626 prout
712 2511 809 2590 ab
846 2513 1159 2616 antiquo
1195 2509 1481 2608 fuerat,
1517 2510 1728 2689 q'uod
1764 2514 2007 2594 nullus
2040 2512 2423 2594 hominum
2462 2537 2652 2620 quo·

453 2631 757 2727 cunque
800 2619 985 2699 Jure
1038 2636 1435 2725 praetenso
1481 2621 1553 2694 in
1589 2646 1672 2695 ra
1714 2621 1830 2695 vel
1879 2649 2105 2728 supra
2153 2621 2231 2700 in
2277 2617 2654 2729 praeiudi·

451 2732 655 2811 cium
684 2723 1292 2829 molendinorum
1331 2724 1703 2804 Ecclesiae
1732 2726 2039 2832 aliquod
2102 2728 2647 2824 Molendinum,

424 2853 585 2914 ,aut
619 2832 851 2942 pilam
879 2832 1277 2910 staminum
1300 2888 1323 2928 ,
1367 2832 1483 2907 vel
1529 2834 1989 2939 teguminum
2023 2835 2339 2915 fundare
2378 2828 2653 2913 aud'eat

456 2942 731 3050 quouis
769 2937 1023 3017 modo.
1081 2940 1473 3035 Caeterum
1510 2943 1835 3047 aisupra
1880 2942 2298 3048 praefatum
2343 2940 2658 3043 Molen-

443 3051 719 3131 'dinum
757 3049 834 3127 in
885 3045 1144 3123 eadem
1190 3072 1386 3150 aqua
1444 3045 1525 3122 in
1579 3048 1863 3125 ambitu
1910 3065 1989 3126 et
2031 3045 2657 3156 comprehensio-

455 3186 553 3236 ne
597 3153 697 3234 ob
736 3172 1002 3231 statum
1045 3155 1375 3231 eiusdem
1410 3152 1816 3229 molendini
1858 3154 2065 3232 locus
2118 3157 2400 3260 piscine
2450 3152 2661 3233 foret

461 3254 738 3368 a'ptua,
775 3278 851 3336 et
886 3263 1388 3355 conueniens,
1440 3259 1779 3336 similiter
1824 3260 2006 3366 ipsis
2064 3260 2463 3349 extruendi
2518 3262 2653 3338 tri-

464 3368 765 3465 liuimus
797 3366 1222 3443 facultatem
1244 3423 1266 3460 ‚
1318 3381 1623 3469 praeter
1661 3379 1909 3451 tamen
1939 3368 2321 3470 Agrorum
2350 3358 2653 3445 arabili·

468 3475 597 3557 um
640 3472 968 3554 notabile
999 3486 1558 3550 nocumentum.
1613 3510 1726 3530 -
1774 3472 1868 3547 In
1918 3477 2127 3553 euius
2167 3479 2277 3553 rei
2316 3476 2653 3556 testimo·

469 3580 684 3663 ninm
729 3579 1053 3686 sigillum
1107 3598 1452 3656 nostrum
1507 3580 1896 3684 proprium
1966 3582 2062 3659 de
2133 3568 2345 3661 certa·
2396 3600 2657 3662 nostra

477 3684 779 3769 seientia
809 3686 1308 3792 praesentibus
1333 3699 1444 3761 est
1475 3694 1927 3792 appressum.
1958 3689 2265 3785 Datum,
2293 3706 2373 3768 et
2406 3704 2662 3768 actum

482 3793 913 3875 Bolondocz
940 3849 962 3890 ‚
1015 3786 1202 3869 feria
1241 3807 1447 3869 sexta
1478 3792 1553 3867 in
1594 3793 1864 3899 vigilia
1899 3794 2470 3904 Epiphaniarum
2500 3799 2662 3877 Do-

483 3905 706 3998 mini,
761 3903 982 3977 Anno
1015 3900 1324 3976 Domini
1366 3904 1596 3975 1431.
2220 3936 2234 3951 ·
2662 3974 2665 3975 γ

523 4110 534 4115 ⁴
568 4031 916 4098 Productae
955 4031 1017 4094 in
1048 4036 1343 4107 Processu
1374 4030 1675 4098 vrbnriali
1703 4036 1834 4119 Vag‘
1867 4029 2348 4123 Ujbelyientium
2385 4045 2451 4099 et
2482 4056 2661 4099 com-

670 4131 1009 4197 municatae
1037 4154 1149 4219 per
1187 4132 1517 4219 Georgium
1548 4132 1965 4221 Gyarikovits.
