2926 4849
2147 483 2293 551 733

187 681 465 756 rendis
503 683 845 787 Capitulo
878 680 1256 757 Ecclesiae
1307 684 1769 762 Varadiensis
1801 683 2108 763 Mathias
2137 686 2230 759 de
2274 688 2402 760 Pa·

183 783 374 864 looz
430 789 674 889 Regni
730 788 1151 887 Hungariae
1200 788 2014 868 Palatinus-amicitiam
2072 809 2399 896 paratam
2491 782 2494 785 Α

185 921 377 970 cum
413 890 735 968 honore:
793 894 1243 988 Noveritiss
1271 898 1477 999 quod
1516 925 1683 973 cum
1741 896 1841 971 ob
1886 897 2403 975 contradicto-

187 1002 395 1075 riam
436 1000 970 1075 Inhibitionem
1012 1001 1449 1080 statutionis
1485 1007 1752 1079 ¹tert-iae
1803 1006 2027 1106 partis
2098 1007 2398 1081 Posses-
2500 1027 2507 1040 ⁸

184 1107 501 1181 sionum
570 1107 991 1202 Perechen,
1084 1127 1159 1183 et
1212 1107 1566 1213 Somlyc'),
1644 1108 1925 1212 Csehy,
1999 1109 2336 1213 Hidvegh
2370 1166 2391 1197 .

189 1210 715 1315 Gyt‘irthelek‚
769 1213 1344 1304 Kereszthelek,
1402 1236 1878 1310 vocatarum,
1934 1243 2021 1291 ac
2080 1218 2394 1295 aliorum

189 1320 692 1395 Praediorum
725 1323 800 1393 in
838 1323 1279 1424 pertinentia
1321 1326 1547 1399 Castri
1604 1321 2033 1424 Somlyo‘in
2077 1323 2395 1424 Comita-

192 1447 282 1503 tu
324 1427 419 1502 de
460 1427 750 1501 Krazna
786 1432 1254 1504 existentium
1292 1429 1705 1505 habitarum
1752 1431 2038 1505 Nobilis
2078 1429 2392 1506 Domina

193 1535 423 1610 Anna
469 1552 726 1609 vocata
769 1531 914 1609 titia
964 1534 1312 1611 Andreae
1350 1536 1478 1612 filii
1525 1539 1729 1611 Pauli
1764 1536 1859 1611 de
1908 1537 2161 1636 Lyzko
2200 1565 2392 1612 con-

196 1643 375 1716 dam
411 1643 631 1716 Barvi
660 1696 681 1733 ,
738 1666 1045 1718 consors
1085 1643 1431 1719 videlicet
1489 1643 1802 1718 Ladislai
1849 1644 2049 1718 Jakts
2086 1645 2181 1717 de
2230 1647 2390 1719 Ku-

194 1749 299 1822 sal
306 1777 402 1850 y,
459 1767 742 1823 servata
797 1750 1037 1823 forma
1091 1751 1455 1853 legitimae
1493 1751 1881 1826 Citationis
1922 1747 2385 1853 Stephanum

199 1855 438 1929 filium
472 1854 852 1947 Stanislai,
902 1874 982 1932 et
1022 1859 1433 1961 Georgium
1473 1854 1701 1950 filium
1734 1857 2041 1932 Joannis
2085 1851 2210 1931 filii
2245 1857 2387 1932 Ge·

199 1963 393 2065 orgii
437 1961 530 2036 de
576 1961 845 2037 Bathor
881 1957 1139 2038 contra
1173 1991 1250 2038 se
1287 1964 1373 2038 ad
1419 1980 1708 2050 certum
1754 1965 2145 2038 terminum
2190 1965 2384 2066 pala·

202 2071 521 2144 tinalemae
548 2070 626 2142 in
662 2069 1149 2171 praesentiam
1198 2073 1535 2145 traxisset
1565 2070 1643 2143 in
1680 2070 2017 2162 Causam,
2071 2073 2381 2172 ipsaque

142 2253 145 2256 ,
202 2174 442 2252 Causa
472 2175 583 2249 ,ab
633 2178 799 2279 ipso
838 2194 1046 2251 certo
1090 2179 1411 2252 termino
1450 2175 1855 2254 secundum
1900 2176 2133 2252 series
2165 2176 2383 2251 Lite-

203 2311 452 2359 rarum
480 2284 705 2384 ipsius
759 2280 1074 2357 condam
1130 2284 1413 2359 Nicolai
1469 2281 1774 2357 Palatini
1816 2285 2378 2383 Prorogatoria-
2477 2307 2482 2312 ·

204 2399 408 2483 rum,
466 2390 772 2489 diversis
804 2391 1418 2494 ,prorogationum
1462 2389 1760 2465 cautelis
1805 2390 2377 2480 interveniente,

204 2498 298 2574 de
337 2498 703 2573 Termino·
730 2497 805 2570 in
861 2498 1295 2573 Terminum
1336 2514 1805 2591 currentem,
1861 2495 2243 2570 ultimatim
2285 2495 2380 2571 ad

205 2622 497 2680 octavas
533 2603 722 2678 Festi
762 2604 963 2677 Beati
997 2606 1300 2706 Georgii
1333 2606 1683 2705 Martyris
1723 2605 1796 2676 in
1841 2603 2067 2676 Anno
2107 2604 2375 2677 Do'mi-

205 2713 280 2784 ni
324 2709 716 2786 Mille-simo
761 2708 1484 2815 quadringentesimo
1524 2711 1893 2786 tricesimo
1949 2712 2378 2812 praeteritas

206 2814 515 2892 deducta
555 2818 976 2911 exstitisset3
1035 2815 1330 2891 tandem
1383 2818 1558 2918 ipsis
1604 2811 2376 2915 octavis,Instantibus

206 2922 710 3026 Sigismundus
744 2921 1112 2999 Literatus
1147 2921 1239 2996 de
1281 2921 1541 2996 Pechel
1581 2949 1719 3024 pro
1764 2925 1910 2994 iam
1948 2919 2096 3001 fata
2129 2922 2373 2996 Domi-

204 3059 294 3105 na
341 3033 548 3105 Anna
594 3047 853 3104 vocata
895 3031 1259 3104 Consorte
1303 3028 1614 3102 Ladislai
1655 3028 1906 3119 sakis,
1963 3052 2138 3102 cum
2180 3026 2373 3102 Pro·-

206 3139 592 3213 curatoriis
609 3137 904 3214 Litteris
922 3133 1202 3239 ‘vestris
1229 3135 1684 3211 Palatinalem
1724 3135 2124 3209 veniens'in
2150 3151 2357 3235 'prae-

207 3228 501 3320 sentia‘m
541 3244 904 3319 rationem
943 3243 1386 3319 Praemissae
1426 3240 2044 3318 Contradictionis
2085 3238 2374 3314 Inhibi—

214 3354 416 3426 tionis
454 3352 797 3453 assignari
838 3352 1268 3453 postulasset
1304 3375 1443 3453 per
1468 3348 1926 3450 Stephanum
1965 3344 2186 3423 fitium
2212 3347 2368 3422 Sta-

102 3464 119 3471 “
213 3458 411 3532 nislai
443 3477 518 3533 et
552 3460 955 3557 Georgium
993 3457 1225 3531 filium
1272 3456 1574 3534 joannis
1611 3456 1704 3528 de
1746 3453 2009 3529 Bathor
2041 3458 2370 3558 praeno-

214 3581 427 3653 tatos,
469 3590 620 3666 quo
661 3565 912 3638 audito
955 3563 1226 3638 Blasius
1265 3562 1357 3637 de
1397 3560 1801 3636 Samilbaza
1839 3586 1975 3663 pro
2010 3562 2183 3664 ipsis
2207 3558 2370 3634 Ste-

214 3670 442 3771 phano
492 3686 569 3746 et
606 3673 932 3769 Geor-gio
975 3699 1146 3746 cum
1192 3668 1729 3746 procuratoriis
1767 3668 2067 3741 Litteris
2113 3665 2365 3771 Rega-

211 3776 390 3852 libus
418 3778 492 3850 in
526 3778 748 3882 ipsius
780 3775 1084 3850 Palatini
1113 3803 1512 3877 exsurgens
1540 3776 2026 3880 praesentiam
2059 3799 2368 3877 respon-

208 3885 413 3960 disset
458 3911 551 3959 ex
600 3883 947 3960 adverso:
1009 3882 1209 3988 quod
1263 3902 1600 3986 tempore
1653 3884 2088 3985 praemissae
2130 3897 2367 3954 statu-

213 3992 413 4068 tionis
436 3990 794 4067 dictarum
832 3983 1566 4093 possessionariarum
1600 3991 2027 4091 portionum
2063 4003 2138 4075 et
2160 4013 2362 4091 prae-

212 4097 480 4174 diorum
524 4100 665 4202 ipsi
736 4099 995 4174 actrici
1050 4095 1458 4174 fiendorum
1486 4152 1507 4186 ,
1574 4094 1775 4170 idem
1829 4092 2242 4197 Stephanus
2289 4112 2366 4169 et

114 4300 115 4303 Ἴ
212 4206 557 4306 Georgius
599 4232 739 4308 pro
790 4230 882 4279 eo
940 4204 1281 4281 fecissent
1330 4199 1909 4279 prohibitionem
1964 4216 2366 4306 praenota-
