2926 4849
655 479 802 553 108

538 690 772 767 titiam
812 687 1084 766 ba‘rum‘
1107 685 1297 764 serie
1357 686 1703 764 volumus
1758 689 2202 796 peruenire:
2254 686 2486 782 Quod
2530 675 2718 768 retin-

535 799 800 897 giosus‘
843 798 1002 886 vir,
1089 794 1345 870 Frater
1397 796 1818 900 Georgius,
1907 796 2373 873 Guardianus
2420 793 2716 896 claustri

514 901 809 979 ‘Beatae
859 900 1138 978 Mariae
1167 900 1486 1003 Virginis
1521 903 1616 978 de
1652 902 1996 996 posonio,
2037 907 2113 980 in
2145 905 2477 1007 personis
2531 901 2717 1008 reli-

536 1010 905 1114 giosarum
942 1026 1017 1085 et
1059 1009 1222 1084 Deo
1249 1007 1692 1085 denotarunt
1724 1009 2166 1085 Abbatissae
2189 1026 2265 1085 et
2294 1008 2714 1116 sanctimo-

513 1115 845 1192 nialium
886 1115 1182 1192 claustri
1217 1115 1482 1191 Beatae
1510 1115 1790 1191 Mariae
1814 1114 2293 1219 Magdalenae
2330 1117 2408 1190 in
2445 1113 2718 1188 Ciuita-

537 1239 614 1298 te
671 1221 1144 1317 Posoniensi,
1215 1220 1580 1298 Maiestati
1621 1239 1868 1299 nostre
1911 1223 2288 1299 venientes
2347 1221 2425 1294 in
2482 1245 2715 1320 prae-

511 1330 843 1404 ¹sentiam
875 1327 1210 1418 exhibuit
1241 1328 1457 1404 nobis
1492 1326 1845 1431 quasdam
1867 1348 2015 1405 tres
2057 1317 2574 1421 literas,›vnam
2614 1328 2716 1401 vi-

513 1433 806 1520 1delicet
857 1437 1248 1528 Andreae,
1296 1436 1635 1511 comitis
1679 1438 2135 1530 Posoniensis
2182 1431 2716 1538 priuilegialem

517 1549 767 1645 ‘snper
875 1561 1182 1649 erpetua
1235 1540 1625 1618 conatione
1683 1543 2060 1618 cuiusdam
2117 1540 2583 1633 molendini,
2635 1540 2715 1614 in

533 1648 710 1722 villa
755 1651 816 1725 C
871 1649 1063 1725 uhna
1105 1673 1343 1753 prope
1377 1648 1785 1725 Ecclesiam
1832 1651 2149 1742 situtati,
2204 1671 2343 1754 per
2393 1645 2717 1721 eundem

515 1753 912 1833 ·Andream
944 1755 1313 1831 Comitem
1356 1751 1450 1840 de
1504 1756 1856 1832 mandato
1901 1755 2137 1831 felicis
2183 1751 2719 1831 reeordationis

533 1861 714 1935 olim
751 1862 1059 1940 Domini
1090 1860 1317 1937 Belae
1342 1917 1364 1956 ,
1416 1864 1715 1940 illustris
1764 1863 1962 1966 regis
2026 1863 2491 1964 Hungariae,
2541 1861 2721 1961 ipsis

531 1964 793 2044 Sancti
825 1967 1314 2060 monialibuS,
1367 1989 1442 2047 et
1479 1969 1694 2044 aliam
1756 1967 2108 2045 Matthaei
2170 1969 2507 2072 Ma'gistri
2560 1968 2719 2040 Ta‘-

529 2077 1008 2152 uarnicorum
1050 2093 1127 2153 et
1162 2075 1469 2151 Comitis
1501 2075 1972 2154 Posoniensis
1997 2132 2018 2171 ,
2050 2077 2384 2151 similiter
2417 2073 2719 2177 priuile-

531 2182 797 2283 gialem
818 2206 1045 2286 super
1080 2179 1479 2258 collatione
1514 2202 1590 2259 et
1629 2200 1985 2288 perpetua
2025 2181 2424 2256 donatione
2460 2180 2721 2253 cuius-

531 2286 705 2365 dam
741 2288 1049 2380 foeneti,
1088 2288 1292 2366 iuxta
1329 2287 1641 2365 fluuium
1658 2287 2066 2389 Wydricha
2101 2289 2220 2365 siti
2251 2314 2337 2363 ac
2361 2282 2724 2391 praedicti

529 2394 941 2475 molendini
976 2423 1020 2470 a
1072 2392 1268 2471 dicta
1305 2391 1474 2470 villa
1517 2393 1777 2471 Chuna
1812 2393 2037 2479 habiti
2062 2452 2085 2486 ,
2145 2391 2427 2471 eisdem
2457 2392 2724 2469 sancti-

528 2503 1012 2591 monialibus,
1071 2505 1361 2595 tertiam
1411 2528 1591 2577 vero
1647 2502 1963 2579 condam
2023 2504 2317 2577 Domini
2377 2499 2726 2576 Andreae

523 2609 759 2711 'Regis
795 2607 1210 2713 Hungariae
1235 2667 1253 2693 ,
1312 2607 1908 2686 Praedeeessoris
1940 2606 2217 2699 nostri,
2271 2633 2500 2712 super
2563 2607 2725 2681 tui-

531 2716 776 2808 tione,
831 2732 906 2790 et
938 2714 1235 2820 speciali
1279 2717 1751 2817 potectione,
1811 2712 2238 2791 earumdem
2286 2712 2724 2789 sanctimo-

507 2821 833 2897 ‘nialium
857 2876 878 2915 ‚
919 2848 1061 2894 vna
1099 2845 1272 2896 cum
1304 2820 1537 2895 fundo
1577 2848 1751 2898 cum
1796 2849 1970 2897 area
2004 2822 2177 2897 alias
2206 2848 2347 2926 per
2381 2815 2724 2896 eines'di-

507 2928 700 3005 'ctae
738 2927 1068 3003 Ciuitatis
1106 2926 1569 3004 posoniensis
1605 2929 1782 3032 ipsis
1815 2932 2220 3031 assignato,
2257 2955 2342 3003 ac
2376 2925 2601 3002 rebus
2644 2943 2725 3001 et

530 3033 1122 3141 possessionibus
1163 3037 1499 3140 ipsarum
1538 3035 1820 3113 eisdem
1867 3034 2051 3110 datis
2092 3052 2169 3109 et
2200 3031 2558 3110 donandis
2600 3028 2718 3106 fa·—

538 3143 676 3217 ctis
711 3138 1128 3235 confectas,
1212 3160 1558 3217 tenorum
1611 3141 2206 3245 subsequorum3
2260 3142 2337 3215 in
2394 3162 2727 3245 quorum

425 3314 432 3323 ,
538 3248 871 3326 omnium
926 3244 1256 3325 dominio
1314 3247 1621 3341 eaedem
1677 3249 2267 3326 sanctimoniales
2340 3266 2636 3352 semper
2678 3273 2727 3321 a

538 3368 883 3457 tempore
941 3354 1353 3431 collationis
1413 3353 1836 3430 huiusmodi
1890 3357 2068 3459 ipsis
2119 3350 2357 3429 factae
2412 3348 2725 3460 pacifice

533 3463 930 3568 perstitisse
955 3517 977 3557 ,
1033 3479 1341 3543 et·nunc
1382 3460 1699 3537 existere
1742 3458 2263 3554 dinoscuntur3
2309 3460 2729 3565 supplicans

535 3563 804 3643 exinde
824 3564 1198 3672 praefatus
1225 3568 1457 3643 frater
1490 3568 1861 3669 Georgius
1893 3565 2357 3659 Quardianus
2389 3569 2729 3643 Maiesta-

533 3676 594 3751 ti
627 3692 922 3750 nostrae
966 3668 1338 3751 humiliter
1374 3691 1450 3749 et
1481 3672 1753 3748 deuote
1772 3730 1797 3765 ‚
1856 3691 1938 3749 vt
1973 3672 2265 3749 easdem
2294 3674 2550 3749 'literas
2586 3698 2728 3746 ra-

533 3798 693 3869 tas,
747 3799 986 3882 gratas
1029 3798 1106 3858 et
1145 3798 1488 3884 acceptas
1517 3777 1778 3854 haben.
1833 3785 2253 3883 nostrisque
2282 3778 2508 3856 literis
2553 3780 2731 3883 pri-

531 3884 990 3989 uilegialibus
1054 3886 1507 3965 verbotenus
1575 3886 1801 3962 inseri
1859 3886 2202 3963 faciendo
2239 3943 2257 3970 ,
2356 3913 2494 3991 pro
2554 3890 2728 3989 ipso

511 3992 854 4097 ‘claustro
889 3991 971 4069 B.
1028 3994 1307 4071 Mariae
1355 3992 1833 4096 Magdalenae
1901 4012 1976 4070 et
2026 3992 2731 4070 sanctimonialibus

534 4101 614 4176 in
650 4097 915 4175 eodem
955 4102 1119 4177 Deo
1139 4099 1657 4179 famulantibus
1693 4119 2059 4206 perpetuo
2082 4099 2427 4178 valituras
2465 4101 2727 4206 digna·-

535 4231 788 4289 remur
832 4202 1315 4289 confirmare:
1373 4210 1713 4303 Quarum
1757 4209 2036 4313 primae
2082 4226 2302 4290 tenor
2350 4207 2506 4288 talis
2562 4221 2719 4286 est:
2790 4206 2797 4213 ’
