2926 4849
727 455 878 532 ⁷⁶4

614 664 1079 774 praedictum
1113 659 1601 770 Priuilegium
1628 680 1961 749 nostrum
2013 661 2233 743 nobis
2286 658 2779 773 reportatum
2794 724 2816 763 ,

611 803 767 859 non
803 772 1209 867 ..hi-asum,
1259 798 1415 849 non
1474 773 2002 868 cancellatum,
2053 798 2197 855 nec
2262 774 2336 849 in
2382 776 2654 877 aliqua
2706 779 2820 854 eui

610 897 823 991 parte
911 880 1250 957 vitiatum
1281 930 1310 971 ,
1415 896 1678 957 tenore
1763 872 2096 958 eiusdem
2204 878 2302 955 de
2383 883 2645 960 verbo
2731 883 2818 960 ad

608 983 932 1067 verbum
965 1020 968 1025 ·
1009 984 1514 1092 praesentibus
1591 987 1868 1083 inserto
1952 1003 2467 1091 acceptamus,
2566 989 2815 1068 ratifi-

612 1120 903 1186 camus,
954 1091 1502 1199 approbamus,
1558 1111 1635 1170 et
1674 1090 2086 1196 praedictas
2118 1094 2549 1171 Libertates
2601 1097 2813 1202 ipso-

614 1227 784 1292 rum
822 1201 927 1279 eis
963 1218 1328 1307 perpetuo
1368 1197 2308 1277 inviolabiliterhabendas
2350 1201 2808 1280 authoritate

615 1313 1114 1413 praesentium
1137 1304 1685 1398 confirmamus,
1716 1325 1792 1382 et
1832 1308 2137 1412 insuper
2171 1309 2270 1384 'ex
2312 1308 2617 1409 Regiae
2652 1312 2810 1386 Lar-

611 1408 1143 1516 gitatisGratia
1186 1414 1486 1516 speciali
1518 1412 1696 1518 ipsis
1733 1410 2039 1491 Ciuihus
2077 1414 2350 1491 nostris
2393 1415 2807 1494 Libet-tates

612 1546 876 1603 eorum
911 1517 1326 1644 praedictas
1391 1519 1863 1597 meliorantes
1922 1518 2169 1596 taliter
2218 1542 2803 1622 augmentamu-

613 1624 841 1719 Quod
878 1626 1053 1705 licet
1083 1631 1158 1705 in
1195 1629 1667 1732 praescriptis
1699 1624 2116 1707 eorundem
2135 1627 2668 1706 Liber-tatibus
2696 1655 2804 1707 ex·

710 1760 866 1821 esse
902 1724 1410 1827 contineatur,
1465 1751 1550 1809 ut
1587 1732 2045 1812 Monetarios
2094 1751 2388 1810 nostros
2449 1736 2694 1813 simul
2736 1749 2806 1813 et

613 1761 1004 1925 fflonetam
1066 1858 1392 1919 nostram
1442 1842 1738 1942 quoties
1790 1844 1862 1929 in
1908 1844 2174 1942 Regno
2223 1856 2488 1917 nostro
2555 1843 2806 1919 fuisset

612 1967 1011 2041 renovata,
1044 1936 1128 2021 in
1169 1942 1495 2029 medium
1533 1947 1867 2051 ipsorum
1901 1965 2290 2051 acceptare
2328 1944 2800 2041 debuissent,

625 2069 875 2128 tamen
898 2079 1033 2130 nos
1051 2046 1145 2129 de
1164 2052 1494 2156 largiflua
1535 2054 1811 2159 pietate
1852 2071 2106 2131 nostra
2120 2056 2643 2130 concessimus
2675 2058 2800 2132 eis·

618 2150 793 2235 dem
820 2215 842 2254 ,
877 2176 961 2235 ut
1004 2175 1380 2236 monetam
1406 2165 1491 2237 *in
1530 2160 1856 2238 medium
1894 2162 2229 2267 ipsorum
2262 2161 2702 2265 suscipere,
2737 2178 2803 2238 et

611 2284 1007 2369 acceptare
1035 2284 1296 2345 contra
1316 2269 1646 2374 ipsorum
1682 2268 2144 2344 voluntatem
2186 2293 2338 2342 non
2370 2283 2795 2350 teneantur.

614 2372 744 2450 sed
767 2366 1106 2478 quolibet
1127 2371 1604 2451 denariorum
1621 2399 1895 2479 genere
1914 2371 2519 2480 quandocunque
2551 2378 2797 2454 volue-

613 2480 808 2574 rint,
875 2478 1186 2557 liberam
1243 2481 1564 2559 habeant
1608 2476 2045 2587 perfruendi
2098 2479 2554 2566 facultatem.
2619 2489 2799 2561 Item

613 2583 1021 2662 Collectam
1064 2586 1403 2663 Fertouis
1441 2591 1518 2662 in
1559 2590 1823 2690 Regno
1860 2605 2115 2664 nostro
2156 2589 2444 2664 ratione
2508 2589 2795 2668 Mone-

614 2707 731 2769 tae
769 2718 910 2795 per
968 2685 1337 2795 quoslibet
1379 2692 1476 2767 ad
1526 2694 1970 2782 solvendum
2040 2694 2325 2794 ubique
2375 2693 2796 2773 ordinatam

610 2796 818 2894 nullo
858 2824 1185 2900 unquam
1217 2818 1556 2903 tempore
1595 2799 1887 2877 solvere
1929 2819 2357 2892 teneantur,
2410 2803 2543 2877 sed
2582 2806 2797 2908 peni—

611 2920 730 2984 tus
759 2906 1088 3006 exempti
1111 2906 1204 2981 ab
1239 2908 1395 3008 ipsa
1417 2907 1741 2986 Collecta
1779 2906 2209 2983 habeantur.
2242 2913 2327 2981 In
2370 2911 2583 2984 cuius
2614 2939 2795 2987 con·

609 3007 1087 3100 iii-mationiS‚
1142 3031 1217 3088 et
1256 3013 1555 3091 Gratiae
1607 3014 1844 3089 factae
1899 3016 2374 3105 memoriam,
2430 3034 2794 3122 perpetu·

609 3142 881 3220 amque
926 3113 1345 3196 firmitatem
1372 3177 1392 3215 ,
1445 3140 1867 3228 praesentes
1910 3122 2409 3198 concessimus
2471 3121 2792 3229 duppli-

608 3223 718 3299 cis
756 3223 991 3326 Sigilli
1038 3230 1266 3302 nostri
1295 3255 1513 3318 novi,
1553 3245 1631 3304 et
1660 3227 2056 3304 authentici
2107 3229 2514 3305 munimine
2552 3233 2785 3308 robo-

606 3348 821 3412 ratas.
876 3333 1149 3405 Datum
1190 3360 1328 3436 per
1359 3363 1615 3410 manus
1656 3335 1966 3411 uisci-eti
2022 3333 2181 3416 Viri
2239 3333 2578 3438 Magistri
2636 3338 2787 3412 La-

607 3434 811 3522 dislai
856 3436 1196 3514 Albensis
1256 3439 1626 3519 Ecclesiae
1687 3439 2134 3542 Praepositi,
2195 3439 2427 3519 Aulae
2476 3461 2783 3520 nostrae

605 3542 786 3619 Vice
817 3542 1287 3631 Cancellarii,
1317 3566 1394 3626 et
1440 3547 1705 3625 Dilecti
1742 3544 2009 3622 Fidelis
2044 3548 2321 3639 nostri,
2361 3551 2593 3625 Anno
2633 3549 2785 3626 Do-

602 3650 786 3724 mini
831 3654 1057 3727 1323.
1094 3649 1448 3752 Secundo
1490 3643 1842 3734 calendas
1882 3652 2200 3759 Aprilis,
2259 3650 2484 3729 Anno
2536 3674 2787 3733 autem

601 3756 848 3858 Regni
895 3757 1149 3833 Nostri
1188 3760 1524 3850 similiter
1561 3759 1936 3862 vigesimo
1976 3755 2263 3836 Tertio.
2318 3759 2784 3840 Venerabili-

598 3859 740 3940 bus
774 3865 849 3937 in
876 3863 1167 3939 Christo
1207 3866 1539 3945 Patribus
1581 3865 1917 3942 Boleslao
1952 3863 2440 3967 Strigoniensi
2462 3922 2487 3957 ,
2529 3884 2609 3943 et
2647 3867 2780 3947 fra-

600 3986 716 4046 tre
750 3965 1087 4047 Ladislao
1120 3971 1515 4051 colocensi
1557 3973 1785 4050 Archi
1809 3972 2195 4077 Episcopis
2218 4025 2242 4062 ‚
2294 3972 2597 4051 Ioanne
2628 3977 2782 4055 Nit-

605 4075 901 4165 triensi‚
927 4077 1361 4158 ffBenedicto
1413 4079 1922 4171 Csanadiensi,
1993 4075 2311 4156 Nicolno
2364 4079 2778 4178 saun-iana,

597 4181 931 4286 Geor-gio
965 4177 1429 4286 Sssirmiensi,
1491 4186 1818 4276 Ladislao
1868 4185 2227 4286 Quinque
2286 4184 2775 4281 Ecclesia-,nm
