<?xml version="1.0" encoding="UTF-8"?>
<!DOCTYPE html PUBLIC "-//W3C//DTD XHTML 1.0 Transitional//EN"
    "http://www.w3.org/TR/xhtml1/DTD/xhtml1-transitional.dtd">
<html xmlns="http://www.w3.org/1999/xhtml" xml:lang="en" lang="en">
 <head>
  <title>
</title>
<meta http-equiv="Content-Type" content="text/html;charset=utf-8" />
  <meta name='ocr-system' content='tesseract 3.04.00' />
  <meta name='ocr-capabilities' content='ocr_page ocr_carea ocr_par ocr_line ocrx_word'/>
</head>
<body>
  <div class='ocr_page' id='page_1' title='image "./codexdiplomatic00fejgoog_0697.png"; bbox 0 0 2926 4849; ppageno 0'>
   <div class='ocr_carea' id='block_1_1' title="bbox 2067 440 2250 544">
    <p class='ocr_par' dir='ltr' id='par_1_1' title="bbox 2067 440 2250 544">
     <span class='ocr_line' id='line_1_1' title="bbox 2067 440 2250 544; baseline 0.011 -34"><span class='ocrx_word' id='word_1_1' title='bbox 2067 440 2250 544; x_wconf 13' lang='lat'>*⁶⁷5</span> 
     </span>
    </p>
   </div>
   <div class='ocr_carea' id='block_1_2' title="bbox 170 644 2411 1286">
    <p class='ocr_par' dir='ltr' id='par_1_2' title="bbox 170 644 2366 752">
     <span class='ocr_line' id='line_1_2' title="bbox 170 644 2366 752; baseline 0 -28"><span class='ocrx_word' id='word_1_2' title='bbox 170 647 599 752; x_wconf 81' lang='lat' dir='ltr'>Hungariae</span> <span class='ocrx_word' id='word_1_3' title='bbox 638 650 946 734; x_wconf 82' lang='lat' dir='ltr'>vtimur‚</span> <span class='ocrx_word' id='word_1_4' title='bbox 1003 651 1410 726; x_wconf 83' lang='lat' dir='ltr'>munimine</span> <span class='ocrx_word' id='word_1_5' title='bbox 1448 646 1860 724; x_wconf 82' lang='lat' dir='ltr'>roboratas.</span> <span class='ocrx_word' id='word_1_6' title='bbox 1919 647 2193 725; x_wconf 66' lang='lat' dir='ltr'>Datum</span> <span class='ocrx_word' id='word_1_7' title='bbox 2223 644 2366 724; x_wconf 61' lang='lat' dir='ltr'>Po·-</span> 
     </span>
    </p>

    <p class='ocr_par' dir='ltr' id='par_1_3' title="bbox 173 750 2362 859">
     <span class='ocr_line' id='line_1_3' title="bbox 173 750 2362 859; baseline -0.002 -29"><span class='ocrx_word' id='word_1_8' title='bbox 173 756 370 830; x_wconf 88' lang='lat' dir='ltr'>sonii</span> <span class='ocrx_word' id='word_1_9' title='bbox 423 756 496 829; x_wconf 89' lang='lat' dir='ltr'>in</span> <span class='ocrx_word' id='word_1_10' title='bbox 549 754 742 828; x_wconf 82' lang='lat' dir='ltr'>festo</span> <span class='ocrx_word' id='word_1_11' title='bbox 797 757 880 830; x_wconf 89' lang='lat' dir='ltr'>B.</span> <span class='ocrx_word' id='word_1_12' title='bbox 953 757 1256 831; x_wconf 81' lang='lat' dir='ltr'>Martini</span> <span class='ocrx_word' id='word_1_13' title='bbox 1310 755 1660 859; x_wconf 84' lang='lat' dir='ltr'><strong>Episcopi</strong></span> <span class='ocrx_word' id='word_1_14' title='bbox 1731 773 1809 830; x_wconf 89' lang='lat' dir='ltr'>et</span> <span class='ocrx_word' id='word_1_15' title='bbox 1875 750 2362 832; x_wconf 74' lang='lat' dir='ltr'>Confesaoris.</span> 
     </span>
    </p>

    <p class='ocr_par' dir='ltr' id='par_1_4' title="bbox 175 860 2368 966">
     <span class='ocr_line' id='line_1_4' title="bbox 175 860 2368 966; baseline -0.003 -29"><span class='ocrx_word' id='word_1_16' title='bbox 175 861 402 938; x_wconf 89' lang='lat' dir='ltr'>Anno</span> <span class='ocrx_word' id='word_1_17' title='bbox 439 860 744 936; x_wconf 87' lang='lat' dir='ltr'>Domini</span> <span class='ocrx_word' id='word_1_18' title='bbox 777 861 1168 938; x_wconf 84' lang='lat' dir='ltr'>Millesimo</span> <span class='ocrx_word' id='word_1_19' title='bbox 1225 861 1954 966; x_wconf 81' lang='lat' dir='ltr'>quadringentesimo</span> <span class='ocrx_word' id='word_1_20' title='bbox 1991 861 2368 935; x_wconf 84' lang='lat' dir='ltr'>tricesimo</span> 
     </span>
    </p>

    <p class='ocr_par' dir='ltr' id='par_1_5' title="bbox 174 968 2411 1177">
     <span class='ocr_line' id='line_1_5' title="bbox 174 968 2411 1071; baseline -0.002 -26"><span class='ocrx_word' id='word_1_21' title='bbox 174 969 467 1071; x_wconf 85' lang='lat' dir='ltr'>quinto.</span> <span class='ocrx_word' id='word_1_22' title='bbox 509 970 942 1069; x_wconf 84' lang='lat' dir='ltr'>Regnorum</span> <span class='ocrx_word' id='word_1_23' title='bbox 1000 987 1423 1047; x_wconf 84' lang='lat' dir='ltr'>nostrorum</span> <span class='ocrx_word' id='word_1_24' title='bbox 1473 971 1692 1043; x_wconf 89' lang='lat' dir='ltr'>Anno</span> <span class='ocrx_word' id='word_1_25' title='bbox 1739 968 2171 1068; x_wconf 82' lang='lat' dir='ltr'>Hungariae</span> <span class='ocrx_word' id='word_1_26' title='bbox 2223 985 2366 1041; x_wconf 80' lang='lat' dir='ltr'>etc·</span> <span class='ocrx_word' id='word_1_27' title='bbox 2405 1011 2411 1017; x_wconf 96' lang='lat'>-</span> 
     </span>
     <span class='ocr_line' id='line_1_6' title="bbox 178 1074 2371 1177; baseline -0.002 -27"><span class='ocrx_word' id='word_1_28' title='bbox 178 1074 764 1177; x_wconf 85' lang='lat' dir='ltr'>Quadragesimo</span> <span class='ocrx_word' id='word_1_29' title='bbox 814 1101 1057 1167; x_wconf 89' lang='lat' dir='ltr'>nono,</span> <span class='ocrx_word' id='word_1_30' title='bbox 1131 1079 1648 1172; x_wconf 76' lang='lat' dir='ltr'>Romanorum</span> <span class='ocrx_word' id='word_1_31' title='bbox 1701 1075 2052 1177; x_wconf 80' lang='lat' dir='ltr'>vigesimo</span> <span class='ocrx_word' id='word_1_32' title='bbox 2109 1091 2371 1165; x_wconf 78' lang='lat' dir='ltr'>sexte,</span> 
     </span>
    </p>

    <p class='ocr_par' dir='ltr' id='par_1_6' title="bbox 180 1178 2204 1286">
     <span class='ocr_line' id='line_1_7' title="bbox 180 1178 2204 1286; baseline 0 -31"><span class='ocrx_word' id='word_1_33' title='bbox 180 1178 585 1259; x_wconf 86' lang='lat' dir='ltr'>Bohemiae</span> <span class='ocrx_word' id='word_1_34' title='bbox 623 1180 914 1258; x_wconf 85' lang='lat' dir='ltr'>decimo</span> <span class='ocrx_word' id='word_1_35' title='bbox 953 1199 1201 1275; x_wconf 79' lang='lat' dir='ltr'>sexto,</span> <span class='ocrx_word' id='word_1_36' title='bbox 1259 1183 1563 1286; x_wconf 87' lang='lat' dir='ltr'>Imperii</span> <span class='ocrx_word' id='word_1_37' title='bbox 1603 1207 1784 1256; x_wconf 84' lang='lat' dir='ltr'>vero</span> <span class='ocrx_word' id='word_1_38' title='bbox 1826 1181 2122 1255; x_wconf 86' lang='lat' dir='ltr'>terti0.“</span> <span class='ocrx_word' id='word_1_39' title='bbox 2197 1231 2204 1238; x_wconf 91' lang='lat'>-</span> 
     </span>
    </p>
   </div>
   <div class='ocr_carea' id='block_1_3' title="bbox 265 1305 2286 1549">
    <p class='ocr_par' dir='ltr' id='par_1_7' title="bbox 265 1305 2286 1549">
     <span class='ocr_line' id='line_1_8' title="bbox 265 1305 2286 1393; baseline -0.002 -22"><span class='ocrx_word' id='word_1_40' title='bbox 265 1313 356 1371; x_wconf 79' lang='lat' dir='ltr'>Ex</span> <span class='ocrx_word' id='word_1_41' title='bbox 390 1305 829 1393; x_wconf 69' lang='lat' dir='ltr'>authographo</span> <span class='ocrx_word' id='word_1_42' title='bbox 859 1313 1148 1393; x_wconf 60' lang='lat' dir='ltr'>WVagner</span> <span class='ocrx_word' id='word_1_43' title='bbox 1177 1309 1349 1372; x_wconf 85' lang='lat' dir='ltr'>Anal.</span> <span class='ocrx_word' id='word_1_44' title='bbox 1387 1315 1640 1392; x_wconf 76' lang='lat' dir='ltr'>Scepus·</span> <span class='ocrx_word' id='word_1_45' title='bbox 1694 1311 1760 1370; x_wconf 81' lang='lat'>1².</span> <span class='ocrx_word' id='word_1_46' title='bbox 1802 1312 1846 1370; x_wconf 85' lang='lat'>1.</span> <span class='ocrx_word' id='word_1_47' title='bbox 1890 1330 1956 1392; x_wconf 86' lang='lat' dir='ltr'>p.</span> <span class='ocrx_word' id='word_1_48' title='bbox 2006 1308 2107 1371; x_wconf 79' lang='lat'>5⁵·</span> <span class='ocrx_word' id='word_1_49' title='bbox 2150 1330 2286 1393; x_wconf 83' lang='lat' dir='ltr'>sqq.</span> 
     </span>
     <span class='ocr_line' id='line_1_9' title="bbox 380 1445 1811 1549; baseline 0 -4"><span class='ocrx_word' id='word_1_50' title='bbox 380 1457 381 1460; x_wconf 67' lang='lat'>‘</span> <span class='ocrx_word' id='word_1_51' title='bbox 1103 1467 1468 1549; x_wconf 78' lang='lat' dir='ltr'>cccxv,</span> <span class='ocrx_word' id='word_1_52' title='bbox 1712 1453 1728 1464; x_wconf 83' lang='grc'><em>“</em></span> <span class='ocrx_word' id='word_1_53' title='bbox 1799 1445 1811 1456; x_wconf 83' lang='grc'><strong>’</strong></span> 
     </span>
    </p>
   </div>
   <div class='ocr_carea' id='block_1_4' title="bbox 180 1579 2410 1779">
    <p class='ocr_par' dir='ltr' id='par_1_8' title="bbox 180 1579 2410 1779">
     <span class='ocr_line' id='line_1_10' title="bbox 180 1579 2410 1700; baseline 0.001 -30"><span class='ocrx_word' id='word_1_54' title='bbox 180 1613 335 1670; x_wconf 67' lang='lat' dir='ltr'>Idem</span> <span class='ocrx_word' id='word_1_55' title='bbox 371 1615 766 1687; x_wconf 65' lang='lat' dir='ltr'>&amp;gismundus</span> <span class='ocrx_word' id='word_1_56' title='bbox 800 1613 1069 1698; x_wconf 67' lang='lat' dir='ltr'>Jaeobum</span> <span class='ocrx_word' id='word_1_57' title='bbox 1096 1615 1171 1700; x_wconf 14' lang='lat' dir='ltr'>*de</span> <span class='ocrx_word' id='word_1_58' title='bbox 1203 1613 1506 1696; x_wconf 63' lang='grc' dir='ltr'>Μαι-ὀζιία,</span> <span class='ocrx_word' id='word_1_59' title='bbox 1545 1615 1624 1668; x_wconf 75' lang='grc' dir='ltr'>αεὶ</span> <span class='ocrx_word' id='word_1_60' title='bbox 1649 1587 2055 1671; x_wconf 49' lang='lat' dir='ltr'>conuertenda}</span> <span class='ocrx_word' id='word_1_61' title='bbox 2089 1631 2189 1672; x_wconf 71' lang='lat' dir='ltr'>aut</span> <span class='ocrx_word' id='word_1_62' title='bbox 2238 1579 2410 1673; x_wconf 21' lang='lat' dir='ltr'>con-1</span> 
     </span>
     <span class='ocr_line' id='line_1_11' title="bbox 369 1699 1963 1779; baseline -0.001 -17"><span class='ocrx_word' id='word_1_63' title='bbox 369 1708 693 1779; x_wconf 71' lang='lat' dir='ltr'>firmandos</span> <span class='ocrx_word' id='word_1_64' title='bbox 732 1703 1029 1768; x_wconf 74' lang='lat' dir='ltr'>Bohaemos,</span> <span class='ocrx_word' id='word_1_65' title='bbox 1049 1699 1409 1779; x_wconf 56' lang='lat' dir='ltr'>festinanter</span> <span class='ocrx_word' id='word_1_66' title='bbox 1437 1722 1652 1763; x_wconf 75' lang='lat' dir='ltr'>euocat.</span> <span class='ocrx_word' id='word_1_67' title='bbox 1701 1711 1768 1764; x_wconf 82' lang='lat' dir='ltr'>A.</span> <span class='ocrx_word' id='word_1_68' title='bbox 1805 1708 1963 1765; x_wconf 81' lang='lat'>1435.</span> 
     </span>
    </p>
   </div>
   <div class='ocr_carea' id='block_1_5' title="bbox 172 1819 2508 4315">
    <p class='ocr_par' dir='ltr' id='par_1_9' title="bbox 172 1819 2508 4315">
     <span class='ocr_line' id='line_1_12' title="bbox 296 1819 2384 1930; baseline 0 -31"><span class='ocrx_word' id='word_1_69' title='bbox 296 1839 301 1846; x_wconf 82' lang='lat'><em>&#39;</em></span> <span class='ocrx_word' id='word_1_70' title='bbox 376 1821 937 1928; x_wconf 76' lang='lat' dir='ltr'>sigismundus,</span> <span class='ocrx_word' id='word_1_71' title='bbox 995 1825 1132 1899; x_wconf 85' lang='lat' dir='ltr'>Dei</span> <span class='ocrx_word' id='word_1_72' title='bbox 1171 1819 1446 1924; x_wconf 82' lang='lat' dir='ltr'>gratia,</span> <span class='ocrx_word' id='word_1_73' title='bbox 1502 1824 2020 1901; x_wconf 84' lang='lat' dir='ltr'>Romanorum</span> <span class='ocrx_word' id='word_1_74' title='bbox 2061 1820 2384 1930; x_wconf 75' lang='lat' dir='ltr'>Impera·</span> 
     </span>
     <span class='ocr_line' id='line_1_13' title="bbox 188 1925 2494 2034; baseline 0 -25"><span class='ocrx_word' id='word_1_75' title='bbox 188 1939 642 2034; x_wconf 59' lang='lat' dir='ltr'>torbemper</span> <span class='ocrx_word' id='word_1_76' title='bbox 682 1925 1096 2034; x_wconf 81' lang='lat' dir='ltr'>Augustus,</span> <span class='ocrx_word' id='word_1_77' title='bbox 1159 1929 1592 2031; x_wconf 85' lang='lat' dir='ltr'>Hungariae</span> <span class='ocrx_word' id='word_1_78' title='bbox 1624 1985 1646 2022; x_wconf 92' lang='lat'>,</span> <span class='ocrx_word' id='word_1_79' title='bbox 1704 1930 2106 2009; x_wconf 82' lang='lat' dir='ltr'>Bohemiae</span> <span class='ocrx_word' id='word_1_80' title='bbox 2132 1988 2153 2024; x_wconf 90' lang='lat'><strong>,</strong></span> <span class='ocrx_word' id='word_1_81' title='bbox 2221 1937 2388 2010; x_wconf 88' lang='lat' dir='ltr'>Dal·</span> <span class='ocrx_word' id='word_1_82' title='bbox 2487 2015 2494 2032; x_wconf 59' lang='lat'>‚</span> 
     </span>
     <span class='ocr_line' id='line_1_14' title="bbox 182 2036 2391 2137; baseline 0.001 -23"><span class='ocrx_word' id='word_1_83' title='bbox 182 2038 487 2132; x_wconf 84' lang='lat' dir='ltr'>matiae,</span> <span class='ocrx_word' id='word_1_84' title='bbox 543 2039 883 2112; x_wconf 86' lang='lat' dir='ltr'>Croatiae</span> <span class='ocrx_word' id='word_1_85' title='bbox 932 2052 1076 2113; x_wconf 85' lang='lat' dir='ltr'>ete.</span> <span class='ocrx_word' id='word_1_86' title='bbox 1135 2039 1330 2113; x_wconf 86' lang='lat' dir='ltr'>Rex.</span> <span class='ocrx_word' id='word_1_87' title='bbox 1392 2036 1771 2137; x_wconf 83' lang='lat' dir='ltr'>Religiose</span> <span class='ocrx_word' id='word_1_88' title='bbox 1826 2056 1901 2115; x_wconf 87' lang='lat' dir='ltr'>et</span> <span class='ocrx_word' id='word_1_89' title='bbox 1936 2040 2104 2117; x_wconf 91' lang='lat' dir='ltr'>Deo</span> <span class='ocrx_word' id='word_1_90' title='bbox 2140 2039 2391 2117; x_wconf 87' lang='lat' dir='ltr'>deuo-</span> 
     </span>
     <span class='ocr_line' id='line_1_15' title="bbox 172 2143 2468 2234; baseline -0.002 -14"><span class='ocrx_word' id='word_1_91' title='bbox 172 2163 271 2222; x_wconf 64' lang='lat' dir='ltr'>-te,</span> <span class='ocrx_word' id='word_1_92' title='bbox 308 2146 450 2220; x_wconf 79' lang='lat' dir='ltr'>Vir</span> <span class='ocrx_word' id='word_1_93' title='bbox 482 2144 698 2220; x_wconf 88' lang='lat' dir='ltr'>nobis</span> <span class='ocrx_word' id='word_1_94' title='bbox 735 2146 1022 2219; x_wconf 84' lang='lat' dir='ltr'>sincere</span> <span class='ocrx_word' id='word_1_95' title='bbox 1064 2163 1140 2221; x_wconf 85' lang='lat' dir='ltr'>et</span> <span class='ocrx_word' id='word_1_96' title='bbox 1182 2143 1476 2222; x_wconf 79' lang='lat' dir='ltr'>dilecte.</span> <span class='ocrx_word' id='word_1_97' title='bbox 1534 2145 1729 2234; x_wconf 78' lang='lat' dir='ltr'>Quia</span> <span class='ocrx_word' id='word_1_98' title='bbox 1787 2171 1994 2222; x_wconf 82' lang='lat' dir='ltr'>nunc</span> <span class='ocrx_word' id='word_1_99' title='bbox 2019 2217 2020 2220; x_wconf 74' lang='grc'>,</span> <span class='ocrx_word' id='word_1_100' title='bbox 2047 2147 2394 2224; x_wconf 68' lang='lat' dir='ltr'>nonnulli</span> <span class='ocrx_word' id='word_1_101' title='bbox 2451 2185 2468 2216; x_wconf 84' lang='lat'>-.</span> 
     </span>
     <span class='ocr_line' id='line_1_16' title="bbox 183 2250 2394 2345; baseline 0.001 -17"><span class='ocrx_word' id='word_1_102' title='bbox 183 2254 565 2345; x_wconf 72' lang='lat' dir='ltr'>Berones,</span> <span class='ocrx_word' id='word_1_103' title='bbox 621 2267 699 2326; x_wconf 89' lang='lat' dir='ltr'>et</span> <span class='ocrx_word' id='word_1_104' title='bbox 740 2250 1009 2327; x_wconf 75' lang='lat' dir='ltr'>milites</span> <span class='ocrx_word' id='word_1_105' title='bbox 1053 2276 1139 2327; x_wconf 84' lang='lat' dir='ltr'>ae</span> <span class='ocrx_word' id='word_1_106' title='bbox 1184 2252 1734 2344; x_wconf 28' lang='lat' dir='ltr'>*Ciuitatenseffi</span> <span class='ocrx_word' id='word_1_107' title='bbox 1789 2251 2055 2328; x_wconf 89' lang='lat' dir='ltr'>Boemi</span> <span class='ocrx_word' id='word_1_108' title='bbox 2120 2254 2214 2330; x_wconf 92' lang='lat' dir='ltr'>de</span> <span class='ocrx_word' id='word_1_109' title='bbox 2258 2283 2394 2331; x_wconf 87' lang='lat' dir='ltr'>re·-</span> 
     </span>
     <span class='ocr_line' id='line_1_17' title="bbox 188 2358 2393 2466; baseline 0.001 -30"><span class='ocrx_word' id='word_1_110' title='bbox 188 2384 339 2466; x_wconf 84' lang='lat' dir='ltr'>gno</span> <span class='ocrx_word' id='word_1_111' title='bbox 358 2372 615 2437; x_wconf 85' lang='lat' dir='ltr'>nostro</span> <span class='ocrx_word' id='word_1_112' title='bbox 635 2359 1008 2452; x_wconf 87' lang='lat' dir='ltr'>Boemiae,</span> <span class='ocrx_word' id='word_1_113' title='bbox 1045 2358 1769 2465; x_wconf 78' lang='lat' dir='ltr'>pervniuersitatem</span> <span class='ocrx_word' id='word_1_114' title='bbox 1803 2359 2259 2437; x_wconf 79' lang='lat' dir='ltr'>Boemorum</span> <span class='ocrx_word' id='word_1_115' title='bbox 2297 2363 2393 2438; x_wconf 81' lang='lat' dir='ltr'>ad</span> 
     </span>
     <span class='ocr_line' id='line_1_18' title="bbox 190 2463 2400 2571; baseline 0.003 -29"><span class='ocrx_word' id='word_1_116' title='bbox 190 2492 327 2553; x_wconf 84' lang='lat' dir='ltr'>nos</span> <span class='ocrx_word' id='word_1_117' title='bbox 354 2467 592 2553; x_wconf 87' lang='lat' dir='ltr'>missi,</span> <span class='ocrx_word' id='word_1_118' title='bbox 649 2465 851 2571; x_wconf 86' lang='lat' dir='ltr'>apud</span> <span class='ocrx_word' id='word_1_119' title='bbox 895 2484 1229 2542; x_wconf 81' lang='lat' dir='ltr'>nostram</span> <span class='ocrx_word' id='word_1_120' title='bbox 1269 2468 1345 2539; x_wconf 89' lang='lat' dir='ltr'>in</span> <span class='ocrx_word' id='word_1_121' title='bbox 1381 2463 1532 2539; x_wconf 82' lang='lat' dir='ltr'>hoc</span> <span class='ocrx_word' id='word_1_122' title='bbox 1563 2463 1734 2542; x_wconf 84' lang='lat' dir='ltr'>loco</span> <span class='ocrx_word' id='word_1_123' title='bbox 1773 2467 2105 2545; x_wconf 76' lang='lat' dir='ltr'>existunt</span> <span class='ocrx_word' id='word_1_124' title='bbox 2131 2472 2400 2549; x_wconf 82' lang='lat' dir='ltr'>consti-</span> 
     </span>
     <span class='ocr_line' id='line_1_19' title="bbox 190 2573 2393 2683; baseline 0.003 -33"><span class='ocrx_word' id='word_1_125' title='bbox 190 2576 332 2676; x_wconf 83' lang='lat' dir='ltr'>tuti</span> <span class='ocrx_word' id='word_1_126' title='bbox 370 2573 835 2650; x_wconf 78' lang='lat' dir='ltr'>Maiestatem</span> <span class='ocrx_word' id='word_1_127' title='bbox 859 2625 881 2666; x_wconf 92' lang='lat'>,</span> <span class='ocrx_word' id='word_1_128' title='bbox 956 2590 1518 2679; x_wconf 79' lang='lat' dir='ltr'>proptereaque</span> <span class='ocrx_word' id='word_1_129' title='bbox 1579 2598 1903 2677; x_wconf 86' lang='lat' dir='ltr'>persona</span> <span class='ocrx_word' id='word_1_130' title='bbox 1958 2594 2200 2652; x_wconf 81' lang='lat' dir='ltr'>vestra</span> <span class='ocrx_word' id='word_1_131' title='bbox 2250 2606 2393 2683; x_wconf 89' lang='lat' dir='ltr'>pro</span> 
     </span>
     <span class='ocr_line' id='line_1_20' title="bbox 185 2678 2388 2785; baseline 0.002 -30"><span class='ocrx_word' id='word_1_132' title='bbox 185 2680 641 2784; x_wconf 81' lang='lat' dir='ltr'>reportando</span> <span class='ocrx_word' id='word_1_133' title='bbox 674 2706 813 2785; x_wconf 85' lang='lat' dir='ltr'>per</span> <span class='ocrx_word' id='word_1_134' title='bbox 852 2684 1078 2757; x_wconf 74' lang='lat' dir='ltr'>vestri</span> <span class='ocrx_word' id='word_1_135' title='bbox 1110 2678 1443 2756; x_wconf 88' lang='lat' dir='ltr'>medium</span> <span class='ocrx_word' id='word_1_136' title='bbox 1469 2734 1489 2763; x_wconf 90' lang='lat'><strong>,</strong></span> <span class='ocrx_word' id='word_1_137' title='bbox 1547 2680 1718 2754; x_wconf 84' lang='lat' dir='ltr'>Deo&#39;</span> <span class='ocrx_word' id='word_1_138' title='bbox 1755 2685 2064 2783; x_wconf 80' lang='lat' dir='ltr'>praeuio</span> <span class='ocrx_word' id='word_1_139' title='bbox 2087 2738 2109 2775; x_wconf 92' lang='lat'>,</span> <span class='ocrx_word' id='word_1_140' title='bbox 2167 2703 2247 2761; x_wconf 81' lang='lat' dir='ltr'>vt</span> <span class='ocrx_word' id='word_1_141' title='bbox 2307 2687 2388 2760; x_wconf 89' lang='lat' dir='ltr'>in</span> 
     </span>
     <span class='ocr_line' id='line_1_21' title="bbox 189 2783 2387 2893; baseline 0.002 -31"><span class='ocrx_word' id='word_1_142' title='bbox 189 2788 525 2866; x_wconf 85' lang='lat' dir='ltr'>Domino</span> <span class='ocrx_word' id='word_1_143' title='bbox 556 2813 990 2893; x_wconf 78' lang='lat' dir='ltr'>speramus,</span> <span class='ocrx_word' id='word_1_144' title='bbox 1040 2785 1139 2863; x_wconf 72' lang='lat' dir='ltr'>&#39;de</span> <span class='ocrx_word' id='word_1_145' title='bbox 1178 2787 1285 2861; x_wconf 89' lang='lat' dir='ltr'>eis</span> <span class='ocrx_word' id='word_1_146' title='bbox 1331 2783 1587 2861; x_wconf 84' lang='lat' dir='ltr'>fructu</span> <span class='ocrx_word' id='word_1_147' title='bbox 1629 2786 1921 2881; x_wconf 84' lang='lat' dir='ltr'>salutis,</span> <span class='ocrx_word' id='word_1_148' title='bbox 1962 2791 2183 2866; x_wconf 88' lang='lat' dir='ltr'>nobis</span> <span class='ocrx_word' id='word_1_149' title='bbox 2222 2792 2387 2893; x_wconf 87' lang='lat' dir='ltr'>plu-</span> 
     </span>
     <span class='ocr_line' id='line_1_22' title="bbox 187 2890 2389 2997; baseline 0.003 -29"><span class='ocrx_word' id='word_1_150' title='bbox 187 2895 463 2985; x_wconf 79' lang='lat' dir='ltr'>rimum</span> <span class='ocrx_word' id='word_1_151' title='bbox 505 2911 618 2969; x_wconf 88' lang='lat' dir='ltr'>est</span> <span class='ocrx_word' id='word_1_152' title='bbox 644 2908 649 2912; x_wconf 84' lang='grc'><strong>’</strong></span> <span class='ocrx_word' id='word_1_153' title='bbox 672 2896 1121 2989; x_wconf 82' lang='lat' dir='ltr'>necessaria3</span> <span class='ocrx_word' id='word_1_154' title='bbox 1197 2890 1369 2967; x_wconf 85' lang='lat' dir='ltr'>ideo</span> <span class='ocrx_word' id='word_1_155' title='bbox 1429 2904 1752 2967; x_wconf 81' lang='lat' dir='ltr'>vestram</span> <span class='ocrx_word' id='word_1_156' title='bbox 1804 2894 2262 2997; x_wconf 80' lang='lat' dir='ltr'>requirimus</span> <span class='ocrx_word' id='word_1_157' title='bbox 2309 2916 2389 2973; x_wconf 83' lang='lat' dir='ltr'>et</span> 
     </span>
     <span class='ocr_line' id='line_1_23' title="bbox 189 2996 2385 3107; baseline 0.001 -30"><span class='ocrx_word' id='word_1_158' title='bbox 189 2996 536 3104; x_wconf 77' lang='lat' dir='ltr'>rogamus</span> <span class='ocrx_word' id='word_1_159' title='bbox 571 3002 1052 3076; x_wconf 87' lang='lat' dir='ltr'>deuotionem</span> <span class='ocrx_word' id='word_1_160' title='bbox 1081 3054 1103 3095; x_wconf 91' lang='lat'>‚</span> <span class='ocrx_word' id='word_1_161' title='bbox 1160 2998 1408 3075; x_wconf 74' lang='lat' dir='ltr'>eidem</span> <span class='ocrx_word' id='word_1_162' title='bbox 1461 2998 2051 3105; x_wconf 82' lang='lat' dir='ltr'>committentes,</span> <span class='ocrx_word' id='word_1_163' title='bbox 2108 3021 2385 3107; x_wconf 87' lang='lat' dir='ltr'>quate-</span> 
     </span>
     <span class='ocr_line' id='line_1_24' title="bbox 190 3106 2383 3211; baseline 0.003 -29"><span class='ocrx_word' id='word_1_164' title='bbox 190 3134 330 3184; x_wconf 84' lang='lat' dir='ltr'>nus</span> <span class='ocrx_word' id='word_1_165' title='bbox 362 3108 607 3183; x_wconf 85' lang='lat' dir='ltr'>statim</span> <span class='ocrx_word' id='word_1_166' title='bbox 660 3110 903 3210; x_wconf 80' lang='lat' dir='ltr'>agnita</span> <span class='ocrx_word' id='word_1_167' title='bbox 954 3106 1457 3211; x_wconf 87' lang='lat' dir='ltr'>praesentium</span> <span class='ocrx_word' id='word_1_168' title='bbox 1505 3107 1815 3200; x_wconf 88' lang='lat' dir='ltr'>notitia,</span> <span class='ocrx_word' id='word_1_169' title='bbox 1878 3108 1956 3181; x_wconf 88' lang='lat' dir='ltr'>in</span> <span class='ocrx_word' id='word_1_170' title='bbox 2006 3133 2232 3185; x_wconf 83' lang='lat' dir='ltr'>curru</span> <span class='ocrx_word' id='word_1_171' title='bbox 2303 3127 2383 3187; x_wconf 80' lang='lat' dir='ltr'>et</span> 
     </span>
     <span class='ocr_line' id='line_1_25' title="bbox 191 3212 2383 3317; baseline 0.003 -28"><span class='ocrx_word' id='word_1_172' title='bbox 191 3216 408 3317; x_wconf 87' lang='lat' dir='ltr'>equis</span> <span class='ocrx_word' id='word_1_173' title='bbox 444 3232 520 3290; x_wconf 90' lang='lat' dir='ltr'>et</span> <span class='ocrx_word' id='word_1_174' title='bbox 557 3217 902 3317; x_wconf 79' lang='lat' dir='ltr'>expensis</span> <span class='ocrx_word' id='word_1_175' title='bbox 939 3241 1076 3317; x_wconf 90' lang='lat' dir='ltr'>per</span> <span class='ocrx_word' id='word_1_176' title='bbox 1124 3212 1423 3289; x_wconf 81' lang='lat' dir='ltr'>fidelem</span> <span class='ocrx_word' id='word_1_177' title='bbox 1482 3230 1824 3287; x_wconf 85' lang='lat' dir='ltr'>nostrum</span> <span class='ocrx_word' id='word_1_178' title='bbox 1872 3215 2383 3296; x_wconf 86' lang='lat' dir='ltr'>reuerendum</span> 
     </span>
     <span class='ocr_line' id='line_1_26' title="bbox 188 3319 2380 3429; baseline 0.003 -33"><span class='ocrx_word' id='word_1_179' title='bbox 188 3322 274 3396; x_wconf 86' lang='lat' dir='ltr'>in</span> <span class='ocrx_word' id='word_1_180' title='bbox 309 3320 606 3397; x_wconf 87' lang='lat' dir='ltr'>Christo</span> <span class='ocrx_word' id='word_1_181' title='bbox 647 3321 938 3397; x_wconf 85' lang='lat' dir='ltr'>Patrem</span> <span class='ocrx_word' id='word_1_182' title='bbox 963 3377 984 3415; x_wconf 91' lang='lat'><strong>,</strong></span> <span class='ocrx_word' id='word_1_183' title='bbox 1043 3321 1452 3396; x_wconf 80' lang='lat' dir='ltr'>Hem-icum</span> <span class='ocrx_word' id='word_1_184' title='bbox 1493 3319 1952 3423; x_wconf 84' lang='lat' dir='ltr'>Episcopum</span> <span class='ocrx_word' id='word_1_185' title='bbox 1989 3324 2380 3429; x_wconf 86' lang='lat' dir='ltr'>Quinque-</span> 
     </span>
     <span class='ocr_line' id='line_1_27' title="bbox 189 3426 2381 3535; baseline 0.002 -31"><span class='ocrx_word' id='word_1_186' title='bbox 189 3428 730 3505; x_wconf 81' lang='lat' dir='ltr'>Ecclesiensem</span> <span class='ocrx_word' id='word_1_187' title='bbox 749 3478 778 3519; x_wconf 84' lang='lat'><em>,</em></span> <span class='ocrx_word' id='word_1_188' title='bbox 834 3430 896 3504; x_wconf 89' lang='lat' dir='ltr'>si</span> <span class='ocrx_word' id='word_1_189' title='bbox 935 3431 1007 3502; x_wconf 91' lang='lat' dir='ltr'>in</span> <span class='ocrx_word' id='word_1_190' title='bbox 1045 3430 1342 3503; x_wconf 87' lang='lat' dir='ltr'>ciuitate</span> <span class='ocrx_word' id='word_1_191' title='bbox 1383 3449 1514 3501; x_wconf 88' lang='lat' dir='ltr'>seu</span> <span class='ocrx_word' id='word_1_192' title='bbox 1573 3426 1910 3504; x_wconf 87' lang='lat' dir='ltr'>Dioecesi</span> <span class='ocrx_word' id='word_1_193' title='bbox 1975 3431 2381 3535; x_wconf 58' lang='lat' dir='ltr'>Quinque÷</span> 
     </span>
     <span class='ocr_line' id='line_1_28' title="bbox 187 3533 2480 3633; baseline 0.002 -22"><span class='ocrx_word' id='word_1_194' title='bbox 187 3534 674 3631; x_wconf 78' lang='lat' dir='ltr'>Ecclesiensi,</span> <span class='ocrx_word' id='word_1_195' title='bbox 730 3533 1164 3612; x_wconf 78' lang='lat' dir='ltr'>sicut&#39;nobis</span> <span class='ocrx_word' id='word_1_196' title='bbox 1201 3533 1486 3610; x_wconf 84' lang='lat' dir='ltr'>dictum</span> <span class='ocrx_word' id='word_1_197' title='bbox 1526 3549 1676 3625; x_wconf 86' lang='lat' dir='ltr'>est,</span> <span class='ocrx_word' id='word_1_198' title='bbox 1734 3535 1981 3633; x_wconf 78' lang='lat' dir='ltr'>existis</span> <span class='ocrx_word' id='word_1_199' title='bbox 2023 3543 2377 3617; x_wconf 84' lang='lat' dir='ltr'>constitu·</span> <span class='ocrx_word' id='word_1_200' title='bbox 2469 3596 2480 3603; x_wconf 77' lang='lat'><strong>·</strong></span> 
     </span>
     <span class='ocr_line' id='line_1_29' title="bbox 191 3639 2496 3745; baseline 0.001 -25"><span class='ocrx_word' id='word_1_201' title='bbox 191 3659 353 3738; x_wconf 84' lang='lat' dir='ltr'>tus,</span> <span class='ocrx_word' id='word_1_202' title='bbox 445 3642 565 3718; x_wconf 85' lang='lat' dir='ltr'>vel</span> <span class='ocrx_word' id='word_1_203' title='bbox 624 3644 1037 3717; x_wconf 88' lang='lat' dir='ltr'>Dominum</span> <span class='ocrx_word' id='word_1_204' title='bbox 1077 3641 1551 3745; x_wconf 57' lang='lat' dir='ltr'>*Episcopum</span> <span class='ocrx_word' id='word_1_205' title='bbox 1605 3639 2104 3733; x_wconf 79' lang='lat' dir='ltr'>Bosnensem,</span> <span class='ocrx_word' id='word_1_206' title='bbox 2179 3649 2241 3722; x_wconf 86' lang='lat' dir='ltr'>si</span> <span class='ocrx_word' id='word_1_207' title='bbox 2297 3648 2377 3722; x_wconf 84' lang='lat' dir='ltr'>in</span> <span class='ocrx_word' id='word_1_208' title='bbox 2493 3686 2496 3695; x_wconf 96' lang='lat'><em>·</em></span> 
     </span>
     <span class='ocr_line' id='line_1_30' title="bbox 188 3744 2377 3858; baseline 0.003 -35"><span class='ocrx_word' id='word_1_209' title='bbox 188 3750 430 3823; x_wconf 85' lang='lat' dir='ltr'>Diaco</span> <span class='ocrx_word' id='word_1_210' title='bbox 467 3773 547 3825; x_wconf 89' lang='lat' dir='ltr'>es</span> <span class='ocrx_word' id='word_1_211' title='bbox 570 3805 595 3845; x_wconf 91' lang='lat'>‚</span> <span class='ocrx_word' id='word_1_212' title='bbox 649 3746 921 3851; x_wconf 87' lang='lat' dir='ltr'>quibus</span> <span class='ocrx_word' id='word_1_213' title='bbox 955 3748 1227 3823; x_wconf 86' lang='lat' dir='ltr'>exinde</span> <span class='ocrx_word' id='word_1_214' title='bbox 1255 3747 1621 3850; x_wconf 78' lang='lat' dir='ltr'>sigillatim</span> <span class='ocrx_word' id='word_1_215' title='bbox 1661 3744 2066 3825; x_wconf 83' lang='lat' dir='ltr'>direximus</span> <span class='ocrx_word' id='word_1_216' title='bbox 2101 3756 2377 3858; x_wconf 80' lang='lat' dir='ltr'>scripta</span> 
     </span>
     <span class='ocr_line' id='line_1_31' title="bbox 192 3853 2377 3957; baseline 0.003 -27"><span class='ocrx_word' id='word_1_217' title='bbox 192 3872 445 3931; x_wconf 84' lang='lat' dir='ltr'>nostra</span> <span class='ocrx_word' id='word_1_218' title='bbox 468 3908 501 3945; x_wconf 35' lang='lat'>‚0</span> <span class='ocrx_word' id='word_1_219' title='bbox 544 3876 833 3955; x_wconf 61' lang='lat' dir='ltr'>vestrae</span> <span class='ocrx_word' id='word_1_220' title='bbox 864 3853 1196 3931; x_wconf 87' lang='lat' dir='ltr'>fidelitati</span> <span class='ocrx_word' id='word_1_221' title='bbox 1229 3853 1654 3957; x_wconf 84' lang='lat' dir='ltr'>assignanda</span> <span class='ocrx_word' id='word_1_222' title='bbox 1678 3911 1700 3945; x_wconf 91' lang='lat'>,</span> <span class='ocrx_word' id='word_1_223' title='bbox 1736 3853 1882 3931; x_wconf 84' lang='lat' dir='ltr'>huc</span> <span class='ocrx_word' id='word_1_224' title='bbox 1918 3854 2012 3931; x_wconf 85' lang='lat' dir='ltr'>ad</span> <span class='ocrx_word' id='word_1_225' title='bbox 2051 3879 2377 3936; x_wconf 79' lang='lat' dir='ltr'>nostram</span> 
     </span>
     <span class='ocr_line' id='line_1_32' title="bbox 192 3958 2374 4066; baseline 0.001 -27"><span class='ocrx_word' id='word_1_226' title='bbox 192 3979 663 4066; x_wconf 77' lang='lat' dir='ltr'>quantocyus</span> <span class='ocrx_word' id='word_1_227' title='bbox 723 3962 1029 4040; x_wconf 81' lang='lat' dir='ltr'>veniatis</span> <span class='ocrx_word' id='word_1_228' title='bbox 1082 3958 1565 4057; x_wconf 77' lang='lat' dir='ltr'>Maiestatem.</span> <span class='ocrx_word' id='word_1_229' title='bbox 1623 3959 2099 4065; x_wconf 61' lang='lat' dir='ltr'>Scripsimus&#39;·</span> <span class='ocrx_word' id='word_1_230' title='bbox 2127 3968 2374 4061; x_wconf 89' lang='lat' dir='ltr'>enim,</span> 
     </span>
     <span class='ocr_line' id='line_1_33' title="bbox 195 4066 2378 4175; baseline 0.001 -28"><span class='ocrx_word' id='word_1_231' title='bbox 195 4088 278 4147; x_wconf 80' lang='lat' dir='ltr'>vt</span> <span class='ocrx_word' id='word_1_232' title='bbox 311 4071 770 4175; x_wconf 80' lang='lat' dir='ltr'>praefertur,</span> <span class='ocrx_word' id='word_1_233' title='bbox 807 4086 883 4147; x_wconf 86' lang='lat' dir='ltr'>et</span> <span class='ocrx_word' id='word_1_234' title='bbox 906 4067 1408 4143; x_wconf 83' lang='lat' dir='ltr'>mandauimus</span> <span class='ocrx_word' id='word_1_235' title='bbox 1440 4066 1772 4172; x_wconf 85' lang='lat' dir='ltr'>peralias</span> <span class='ocrx_word' id='word_1_236' title='bbox 1811 4069 2054 4147; x_wconf 83' lang='lat' dir='ltr'>literas</span> <span class='ocrx_word' id='word_1_237' title='bbox 2094 4093 2378 4149; x_wconf 83' lang='lat' dir='ltr'>nostras</span> 
     </span>
     <span class='ocr_line' id='line_1_34' title="bbox 196 4174 2508 4315; baseline 0 -60"><span class='ocrx_word' id='word_1_238' title='bbox 196 4174 546 4281; x_wconf 79' lang='lat' dir='ltr'>praefatis</span> <span class='ocrx_word' id='word_1_239' title='bbox 585 4176 1352 4281; x_wconf 71' lang='lat' dir='ltr'>DominisEpiscopis</span> <span class='ocrx_word' id='word_1_240' title='bbox 1392 4174 1746 4277; x_wconf 85' lang='lat' dir='ltr'>Quinque</span> <span class='ocrx_word' id='word_1_241' title='bbox 1779 4174 2261 4315; x_wconf 65' lang='lat' dir='ltr'>Ecclqsiensi‚</span> <span class='ocrx_word' id='word_1_242' title='bbox 2302 4197 2382 4258; x_wconf 78' lang='lat' dir='ltr'>et</span> <span class='ocrx_word' id='word_1_243' title='bbox 2503 4192 2508 4197; x_wconf 83' lang='lat'><em>&#39;</em></span> 
     </span>
    </p>
   </div>
  </div>
 </body>
</html>
