2926 4849
630 471 787 554 ‘aso

520 694 596 767 in
636 661 973 795 personis
1020 684 1253 762 fidelis
1282 688 1554 774 nostri,
1621 685 2086 764 Venerabilis
2128 704 2203 763 et
2243 688 2562 793 religiosi
2609 693 2717 765 vi·

517 802 634 889 ri,
705 795 1021 871 Domini
1061 792 1329 868 Fratris
1380 789 1672 868 Nicolai
1739 793 2050 871 abbatis
2113 794 2552 871 Monasterii
2623 798 2704 871 S.

516 903 866 995 Martini,
922 898 1132 975 Sacri
1172 899 1445 975 Montis
1488 899 1906 977 Pannoniae
1947 920 2021 978 et
2055 902 2492 977 Conuentus
2558 901 2711 982 loci

517 1009 846 1085 eiusdem
873 1064 893 1101 ,
976 1005 1334 1081 Maiestati
1403 1025 1718 1102 nostrae
1748 1011 2152 1107 exponitur
2227 1008 2440 1110 graui
2532 1035 2710 1086 cum

516 1114 859 1219 quercla:
917 1112 1125 1217 quod
1185 1111 1627 1190 honorabile
1682 1113 2105 1218 Capitulum
2161 1114 2529 1190 Ecclesiae
2587 1117 2715 1192 Al·

442 1271 445 1276 -
515 1221 763 1298 heusis
805 1219 1121 1295 eundem
1165 1218 1532 1296 Abbatem
1590 1223 1880 1296 ratione
1936 1242 2012 1296 et
2067 1237 2455 1323 ptaetextu
2510 1251 2707 1325 qua-

514 1327 853 1402 rumdam
892 1328 1341 1403 decimatum
1400 1354 1747 1413 suarum,
1828 1331 1902 1402 in
1955 1328 2325 1402 Comitatu
2390 1326 2698 1435 Simigh.

508 1432 968 1527 habitarum,
1026 1456 1209 1532 quas
1242 1435 1355 1509 sui
1397 1433 2003 1538 piaedecessores
2042 1429 2405 1523 Abbates‚
2445 1454 2550 1511 et
2562 1465 2704 1542 per

512 1565 977 1645 consequens
1018 1541 1222 1645 ipse,
1254 1538 1412 1615 sere
1452 1568 1495 1614 a
1532 1538 1865 1616 ducentis
1902 1543 2107 1616 annis
2154 1541 2695 1645 percepissent,

510 1649 740 1724 vestri
770 1672 904 1723 seu
938 1648 1015 1727 in
1054 1645 1353 1722 alterius
1390 1648 1885 1751 praesentiam
1923 1650 1994 1721 in
2037 1673 2324 1724 causam
2363 1650 2702 1727 attraxis-

511 1771 718 1839 σθαι.
773 1759 850 1830 in
887 1778 1036 1855 qua
1064 1751 1343 1829 scilicet
1374 1778 1590 1828 causa
1631 1777 1863 1870 vsquc
1905 1752 1994 1827 ad
2037 1754 2117 1830 d
2111 1752 2492 1830 linitiuam
2529 1782 2696 1831 sen-

510 1864 813 1939 tentiam
864 1858 1278 1965 procedere
1345 1869 1850 1952 conarentur3·
1907 1878 1981 1935 et
2032 1863 2207 1965 quia
2271 1860 2700 1939 huiusmodi

509 1993 770 2045 causae
807 1967 1268 2043 decimarum
1313 1993 1469 2043 non
1503 1916 1916 2056 saeculare,
1973 1967 2103 2042 scd
2158 1967 2529 2068 spirituale
2581 1969 2699 2044 fo·

505 2100 677 2152 rum
711 2099 1170 2152 concernere
1192 2072 1757 2177 dignoscuntur:
1786 2075 1964 2148 Ideo
2008 2101 2139 2148 nos
2173 2074 2482 2148 vande-m
2530 2101 2698 2155 cau·

504 2208 662 2260 sam
702 2207 879 2257 cum
940 2179 1290 2257 omnibus
1347 2180 1499 2255 suis
1565 2185 1918 2255 connexis
1972 2201 2039 2254 et
2121 2180 2692 2282 dependentiis,

503 2289 920 2396 praemissis
957 2312 1091 2362 suo
1138 2284 1366 2362 modo
1415 2286 1934 2378 existentibus,
1993 2290 2320 2362 wnocati
2327 2313 2396 2370 s,
2459 2313 2695 2364 casea·

505 2397 636 2491 tis,
690 2414 765 2473 et
794 2393 1201 2470 annihilatis
1245 2393 1592 2468 omnibus
1627 2392 2100 2496 processibus·
2131 2421 2196 2467 e
2243 2396 2693 2495 gratiainini-

500 2502 715 2581 bus
694 2532 771 2577 tn
808 2498 1476 2606 Archiepiscopum
1518 2497 1966 2603 strigonien.
2020 2505 2179 2576 ‘siue
2221 2508 2372 2576 eius
2410 2502 2691 2577 Viceri‘-

504 2635 634 2684 um
667 2612 745 2683 in
780 2605 1283 2712 spiritualibus
1327 2606 1812 2700 Generalem,
1883 2634 2202 2709 quorum
2262 2607 2563 2685 suria-1⁸
2610 2626 2694 2684 et

386 2762 403 2779 ·
503 2714 934 2791 ludicatui
913 2740 1066 2817 ipsa
1100 2738 1316 2789 causa
1343 2711 1498 2786 de
1476 2739 1638 2790 mre
1659 2729 1993 2819 spectare
2017 2729 2106 2789 et
2138 2732 2426 2819 partim.
2434 2742 2512 2788 te
2561 2744 2699 2792 no-

500 2824 755 2914 scitut,
789 2820 1101 2895 iudicari
1121 2836 1199 2896 et
1228 2821 1612 2896 terminari
1645 2821 1998 2914 volentes,
2036 2821 2347 2896 Vestrae
2387 2821 2698 2896 fidelita-

505 2931 557 3005 ti
603 2928 1018 3013 firmissimo
1053 2924 1310 3004 damus
1349 2926 1487 3002 snb
1523 2926 1767 3004 edicto
1791 2983 1814 3019 ,
1843 2948 1844 2951 ’
1871 2944 2234 3030 quatenus
2280 2928 2373 3002 de
2413 2928 2696 3004 iudicio

503 3053 580 3112 et
609 3034 933 3112 iudicatu
969 3050 1485 3138 praenarratae
1522 3056 1781 3111 causae
1807 3034 1883 3108 in
1919 3034 2118 3110 facto
2162 3036 2483 3139 ip‘sarutn
2545 3034 2684 3109 de-
2727 3058 2734 3069 ·

502 3145 859 3219 cimai-um
898 3167 1151 3217 coram
1187 3140 1440 3236 vobis,
1495 3148 1623 3217 seu
1668 3143 1824 3237 aliis
1864 3157 2230 3232 testium,
2293 3158 2359 3214 vt
2403 3142 2696 3247 ptaedi-

500 3253 736 3339 citur,
809 3251 1003 3324 inter
1059 3267 1302 3355 partes
1354 3265 1812 3361 praenotatas
1874 3249 2415 3341 intromittatis,
2507 3275 2689 3323 cnm

499 3385 649 3433 non
689 3355 1065 3451 seculare,
1118 3356 1250 3432 sed
1284 3354 1661 3457 spirituale
1705 3372 2109 3452 concernat
2145 3354 2437 3448 fotum,
2491 3372 2564 3430 et
2599 3356 2682 3429 in

497 3462 856 3540 iudicium
887 3463 1088 3538 nullo
1139 3458 1369 3538 modo
1434 3487 1567 3536 vos
1625 3461 2164 3574 intromittatis3
2238 3463 2369 3536 sed
2430 3459 2692 3537 huius-

496 3569 705 3647 modi
750 3594 1042 3645 causam
1093 3572 1170 3644 in
1210 3571 1694 3692 praesentiam
1742 3552 2046 3670 praefati
2094 3570 2390 3644 Domini
2437 3568 2688 3643 Geor-

496 3678 596 3781 gii
643 3675 1247 3780 Archiepiscopi,
1318 3700 1451 3750 seu
1507 3683 1658 3751 eius
1714 3675 1995 3749 Vicarii
2055 3678 2128 3749 in
2178 3675 2690 3797 spiritualibus
2784 3760 2796 3771 ,

454 3832 467 3851 1
498 3783 882 3860 Generalis
922 3784 1423 3858 transmittatis
1459 3781 1966 3875 iudicandam,
2022 3778 2359 3884 partibus
2395 3781 2688 3884 praedi·

495 3895 632 3968 ctis
663 3916 914 3967 coiam
944 3892 1118 3994 ipsis
1130 3887 1482 3964 Domino
1533 3888 2157 4012 Archiepiscopo,
2196 3915 2324 3964 seu
2369 3892 2527 3992 eius
2552 3888 2683 3963 Vi-

496 4000 702 4075 cario
773 4014 1209 4101 praenotato
1284 3996 1768 4101 comparendi
1828 4000 2222 4073 terminum
2284 3998 2543 4073 vestris
2592 3998 2682 4071 in
2729 4023 2740 4029 ·

495 4108 722 4179 literis
740 4102 1212 4207 praefigendo
1251 4111 1804 4206 congruentem.
1860 4101 2222 4179 Volumus
2268 4121 2682 4203 praeterea,

495 4231 570 4311 et
614 4211 883 4288 codem
922 4209 1151 4289 modo
1195 4208 1525 4286 fidelitati
1579 4208 1891 4286 Vestrae
1944 4208 2162 4284 simili
2228 4207 2365 4285 sub
2428 4211 2682 4289 edicto
