2926 4849
2143 515 2292 589 213

201 751 339 828 per
375 724 742 828 Augustus
795 757 884 805 ac
926 729 1387 832 Hungariae,
1447 730 1884 824 Bobemiae,
1941 728 2388 815 Dalmatiae,

197 828 592 927 croatiae,
648 854 784 913 etc.
817 839 1004 911 Rex.
1063 835 1438 912 Fidelibus
1485 843 1629 912 suis
1669 836 2091 915 Gonuentui
2132 833 2392 912 Eccle-

195 939 350 1013 siae
388 957 679 1017 sanctae
718 945 972 1019 Crucis
1016 943 1109 1020 de
1143 941 1364 1018 Lelez
1404 946 1715 1020 salutem
1754 943 2195 1047 etgratiam.
2263 943 2393 1018 Di-

195 1047 397 1123 citur
437 1048 658 1124 nobis
687 1052 763 1124 in
808 1054 1140 1152 personis
1184 1049 1606 1145 Valentini,
1660 1050 1788 1126 filii
1838 1049 2154 1125 Ladislai
2178 1103 2204 1139 ,
2264 1050 2389 1124 di-

191 1153 295 1225 cti
355 1155 632 1249 Doba,·
662 1183 751 1231 ac
782 1158 1082 1260 Georgii
1120 1156 1288 1248 filii,
1344 1173 1420 1232 et
1459 1160 1783 1235 Emerici
1815 1158 2064 1232 fratris
2101 1160 2389 1231 Carna-

188 1256 282 1329 lis
314 1285 668 1355 suorum,
726 1289 866 1338 nec
903 1291 1053 1340 non
1093 1265 1336 1356 Petri,
1392 1262 1522 1339 filii
1562 1267 1780 1359 Petri,
1814 1290 1900 1340 ac
1932 1264 2202 1338 nobilis
2244 1264 2386 1340 Do·

180 1362 440 1441 minae
475 1368 978 1473 Margaretbae
1020 1389 1359 1461 vocatae,
1416 1375 1786 1449 consortis
1819 1374 1998 1447 item
2041 1370 2384 1465 Ladisiai,

179 1488 271 1544 et
309 1472 556 1567 Petri,
615 1475 942 1555 filiorum
975 1476 1298 1553 condam
1333 1477 1534 1554 Petri
1588 1478 1682 1554 de
1722 1478 2145 1581 Kerepecz;
2203 1503 2383 1581 quo·

173 1576 428 1653 modo
466 1580 828 1657 Martinus
869 1601 946 1658 et
973 1578 1386 1675 Barnabas,
1448 1582 1579 1659 filii
1618 1584 1904 1659 Nicolai
1953 1581 2048 1658 de
2093 1582 2376 1676 eadem,

166 1677 387 1758 feria
423 1688 632 1763 tertia
668 1692 1007 1792 proxima
1044 1708 1212 1767 ante
1253 1690 1525 1767 festum
1561 1688 1968 1767 cathedrae
2015 1690 2216 1765 Beati
2256 1691 2382 1766 Po-

170 1791 285 1865 tri
328 1793 713 1895 Apostoii,
773 1798 1110 1897 proxime
1150 1798 1680 1900 praeteritum,
1734 1812 2166 1872 annotatum
2218 1795 2381 1870 Va·-

109 1895 116 1900 ’
165 1897 559 1977 lentinum
601 1901 677 1975 in
715 1901 900 1978 facie
931 1902 1172 1979 dictae
1210 1904 1695 2008 possessionis
1732 1903 2158 2005 Kerepecz,
2214 1928 2381 1976 ma·

165 2003 415 2081 nibus
447 2008 739 2083 armatis
774 2007 1233 2102 inuadendo,
1291 2010 1498 2083 omni
1535 2033 1666 2082 sua
1700 2009 1860 2085 sine
1901 2005 2123 2109 culpa
2153 2063 2174 2101 ‚
2229 2033 2374 2082 ne·-

163 2136 271 2185 ce
306 2113 707 2189 miserabili
739 2117 1161 2190 interimere
1187 2114 1580 2190 machinati
1613 2116 2058 2207 extitissent,
2116 2115 2257 2188 nisi
2295 2114 2373 2188 in

161 2213 495 2296 domum
532 2220 766 2311 Petri,
825 2220 955 2295 filii
993 2220 1305 2296 Ladislai
1329 2275 1351 2315 ,
1406 2221 1485 2294 in
1524 2221 1786 2298 eadem
1828 2220 2210 2323 Kerepecz
2245 2218 2371 2295 ba·
2479 2286 2483 2292 .

165 2323 486 2412 hiems
519 2331 793 2402 intrare
830 2331 1211 2433 potuisset,
1246 2329 1580 2434 potentia
1617 2328 2009 2421 mediante,
2045 2331 2119 2400 in
2159 2351 2370 2431 prae-

163 2432 543 2510 iudicium
602 2438 940 2540 ipsorum
994 2436 1490 2539 Exponentim
1532 2434 1743 2511 valde
1796 2462 2185 2537 magnum,
2243 2435 2367 2510 lite

160 2555 433 2615 tamen
472 2546 669 2618 inter
719 2540 919 2645 ipsos
967 2542 1357 2646 pendente.
1400 2540 1648 2645 Super
1674 2563 1826 2647 quo
1867 2538 2204 2618 fidelitati
2244 2566 2364 2617 ve-
2440 2587 2447 2600 ι

161 2661 385 2721 strae
417 2645 724 2725 firmiter
762 2649 1290 2753 praecipiendo
1337 2647 1809 2737 mandamus,
1850 2664 2213 2750 quatenus
2245 2671 2364 2722 ve-

155 2769 424 2828 strum
458 2755 761 2831 mittatis
776 2752 1174 2847 bominem,
1216 2783 1355 2860 pro
1391 2756 1821 2844 testimonio
1850 2752 1997 2830 fide
2033 2751 2360 2855 dignum,

157 2885 338 2962 quo
386 2879 768 2967 praesente
801 2861 1115 2939 Michael
1157 2862 1457 2941 Moldva
1496 2861 1590 2937 de
1631 2862 1906 2966 Zaplo‚
1963 2860 2078 2934 vel
2116 2858 2361 2935 Nico·-

159 2965 387 3061 laus,
440 2984 565 3043 aut
603 2965 963 3063 Μίοἰιειὸι,
1016 2968 1146 3046 filii
1186 2968 1566 3044 Barnabae
1613 2966 1707 3042 de
1747 2964 1947 3042 Gutb
1971 3020 1992 3058 ‚
2028 2968 2135 3040 sin
2182 2962 2358 3041 Pau·

154 3068 295 3146 lus
333 3073 670 3179 Voidryb
714 3075 810 3152 de
843 3077 1136 3178 Began,
1189 3103 1319 3152 seu
1359 3074 1726 3151 Mattheus
1761 3072 1854 3149 de
1910 3070 2195 3165 Gescb,
2249 3072 2359 3148 si·

155 3203 274 3254 ue
317 3180 714 3271 Aibertus,
770 3209 963 3259 neue
1010 3180 1354 3258 Matthias
1392 3180 1520 3257 filii
1547 3179 1922 3257 Laurentii
1955 3177 2049 3253 de
2092 3178 2352 3265 Hetke,

152 3309 304 3360 seu
334 3287 719 3374 Iohannes,
741 3289 1115 3384 literatus,
1173 3289 1358 3365 filius
1393 3286 1788 3394 Stephani,
1844 3315 1935 3362 an
1984 3282 2344 3361 Matthae-

156 3418 256 3469 us
292 3389 490 3471 filius
528 3396 845 3502 Philippi
873 3397 967 3473 de
1015 3398 1208 3473 dicta
1253 3397 1650 3501 Kerepech
1670 3451 1695 3486 ,
1731 3396 1885 3470 aliis
1925 3392 2351 3468 absentibus

157 3499 401 3574 homo
456 3520 755 3598 noster,
852 3507 1032 3578 scita
1088 3508 1660 3608 praemissorum
1727 3529 1928 3578 mera
2001 3502 2348 3591 veritate,

156 3624 443 3681 euocet
481 3609 848 3712 praefatos
880 3610 1283 3687 Martinam
1310 3629 1400 3710 et,
1425 3610 1884 3699 Barnabam,
1921 3624 2178 3682 contra
2222 3633 2349 3679 an-

154 3732 510 3790 notatum
534 3715 1047 3812 Valentinum,
1089 3737 1413 3793 nostram
1445 3719 1523 3791 in
1561 3716 2045 3821 praesentiam
2082 3709 2173 3786 ad
2208 3731 2347 3788 ter-

154 3820 457 3896 minum
504 3841 1093 3927 competentem,
1148 3826 1516 3901 rationem
1561 3822 2130 3927 praemissorum
2166 3818 2345 3895 red-

155 3925 472 4003 dituros.
533 3929 711 4005 Litis
768 3930 1206 4033 pendentia,
1261 3932 1321 4006 si
1382 3958 1532 4033 qua
1595 3928 1789 4004 foret
1841 3927 2036 4001 inter
2092 3928 2340 4029 ipsos,

151 4057 322 4108 non
363 4035 727 4112 obstante.
781 4037 875 4113 Et
906 4054 1074 4143 post
1117 4035 1300 4112 baec
1343 4037 1668 4140 ipsarum
1719 4033 2211 4136 inquisitionis
2270 4047 2347 4107 et

155 4144 619 4218 euocationis
639 4144 935 4238 seriem,
973 4171 1146 4221 cum
1181 4140 1602 4219 nominibus
1638 4139 2345 4229 Euocatorum,2ter-

155 4249 528 4354 minoque
572 4252 934 4355 assignato
969 4252 1185 4327 nobis
1223 4247 1537 4327 fideliter
1575 4248 2017 4325 rescribatis.
2077 4245 2345 4319 Datum
2446 4261 2449 4268 ’
