2926 4849
2085 517 2237 600 411

151 722 446 803 Tersatt
479 741 559 807 et
591 725 974 808 Fratribus
1006 731 1084 808 in
1121 757 1216 810 eo
1262 724 1726 808 familiariter
1764 718 1931 811 Deo
1956 732 2353 811 seruienti-

153 831 296 909 bus
317 889 344 931 ,
396 834 477 909 in
510 835 949 941 perpetuam
985 838 1537 941 eleemosynam
1573 834 1955 933 dedimus,
2026 840 2354 916 donaui-

152 967 363 1035 mus,
417 938 1004 1027 adiudicauimus
1048 963 1126 1022 et
1159 944 1648 1038 contulimus3
1704 962 1780 1022 et
1829 939 2172 1023 dedimus
2227 950 2356 1022 in-

155 1074 384 1153 super
416 1048 614 1124 dicto
648 1055 1103 1128 monasterio
1137 1055 1215 1129 in
1250 1049 1524 1127 vadum
1564 1067 1903 1128 nostrum
1929 1043 2162 1127 inum
2200 1081 2356 1130 mo-

159 1153 583 1250 lendinum,
642 1174 718 1231 et
756 1185 965 1232 vnam
1013 1176 1381 1265 strupam‚
1435 1158 1512 1232 in
1566 1155 1797 1233 fluuio
1847 1158 2149 1252 Recha,
2207 1186 2351 1236 nec

159 1290 314 1337 non
356 1259 615 1338 feniles
659 1263 733 1336 in
774 1265 961 1340 valle
1003 1265 1197 1341 dicta
1233 1267 1479 1370 Draga
1542 1291 1712 1341 cum
1766 1267 1959 1342 veris
2005 1269 2219 1342 metis
2279 1283 2358 1341 et

157 1371 538 1458 terminis,
596 1366 925 1447 eiusdem
963 1376 1120 1449 sine
1167 1361 1413 1477 aliqua
1447 1370 1995 1469 diminutione,
2053 1399 2208 1478 quo
2258 1370 2352 1448 ad

157 1489 294 1552 nos
331 1474 730 1581 spectabat.
789 1480 895 1554 Ex
933 1479 1214 1581 quihus
1271 1479 1619 1557 omnibus
1683 1504 1906 1581 supra
1957 1480 2359 1555 nominatis

159 1583 751 1690 possessionibus
788 1581 1141 1687 elegimus
1190 1587 1655 1679 essedotem
1705 1582 1944 1661 dictae
1989 1586 2360 1663 Ecclesiae

160 1716 306 1796 pro
346 1690 670 1769 victu'et
728 1694 1033 1771 vtilitate
1098 1694 1453 1788 fratrum,
1509 1689 1619 1767 ibi
1681 1693 2360 1781 commorantium,

163 1815 243 1875 vt
276 1814 356 1871 et
394 1825 533 1903 pro
573 1785 1042 1904 reparatione
1078 1821 1154 1877 et
1191 1799 1508 1878 vtilitate
1552 1795 1922 1908 Ecclesiae
1946 1810 2364 1906 praenomi-

163 1921 381 1979 natae
422 1924 975 1983 conuertantur,
1019 1909 1210 1988 Ante
1249 1927 1582 1985 nostrum
1617 1930 1713 1980 ex
1738 1903 1875 1981 hac
1906 1911 2054 1982 vita
2092 1904 2365 1980 dcem-⁶

165 2036 332 2085 sum
370 2009 529 2086 aliis
585 2011 1109 2091 donationibus
1145 2016 1413 2091 dictam
1445 2012 1876 2104 ,Ecclesiam
1918 2009 2360 2090 dotabimns.

163 2116 465 2194 Idcirco
514 2144 649 2221 per
685 2139 1063 2224 presentes
1110 2120 1520 2224 legauimus
1550 2172 1572 2213 ‚
1628 2116 2010 2222 dedimus,
2068 2137 2143 2196 et
2183 2142 2368 2193 con-

166 2222 513 2317 tulimus,
549 2227 1006 2305 confidentes
1039 2228 1135 2305 de
1175 2231 1579 2307 Saluatoris
1613 2224 2145 2330 promissione,
2204 2222 2368 2329 qui-³

77 2389 88 2398 t
168 2329 314 2405 bus
351 2330 455 2407 ob
496 2332 636 2408 Dei
701 2336 817 2409 sui
857 2363 1191 2414 amorem
1252 2337 1738 2440 relinquunt,
1812 2328 2188 2438 pollicitus
2252 2342 2371 2407 est

168 2441 564 2514 restituere
622 2461 919 2520 centum
967 2471 1105 2549 pro
1140 2473 1331 2539 vno,
1370 2463 1449 2523 et
1480 2457 1772 2532 cetera,
1826 2440 2205 2543 vitamque
2248 2460 2370 2513 ae-

169 2563 458 2622 ternam
500 2543 881 2646 daturum3
942 2570 1021 2627 vt
1053 2553 1277 2629 etiam
1311 2576 1448 2627 nos
1488 2542 1937 2626 cohaeredes
1974 2545 2223 2623 facere
2263 2542 2374 2618 di-

168 2671 462 2755 gnetur.
523 2655 922 2759 Propterea
958 2662 1201 2763 ipsum
1243 2657 1715 2743 saluatorem
1755 2652 2168 2729 Dominum
2221 2677 2371 2726 no-

170 2782 414 2837 strum
485 2758 737 2843 Jesum
798 2765 1216 2860 Christum,
1302 2785 1377 2843 et
1428 2791 1637 2840 suam
1690 2757 2375 2861 benedictissimam

57 2882 62 2891 '
169 2868 497 2947 Matrem
546 2870 928 2974 Virginem
975 2873 1335 2965 Mariam,
1391 2868 1945 2975 possessionum
2008 2864 2375 2971 praefata-

172 3001 348 3048 rum
387 2994 650 3053 tenore
691 2982 1193 3081 praesentium
1231 2976 1585 3054 haeredes
1618 2972 2070 3047 instituimus
2098 3016 2131 3065 ,=
2174 2995 2377 3045 crea·

174 3083 421 3161 nimus
481 3100 555 3160 et
619 3085 927 3161 fecimus
983 3087 1148 3163 iure
1207 3101 1572 3192 perpetuo
1618 3096 1696 3155 et
1755 3073 2373 3152 irreuocabiliter.

169 3188 682 3293 Imprccantes
722 3220 981 3268 omnes
1047 3212 1121 3271 et
1163 3221 1427 3270 ¹eorum
1471 3187 1998 3268 conscientiam
2046 3207 2380 3260 oneran-

174 3312 339 3387 tes,
398 3295 608 3401 quod
648 3296 826 3374 huic
859 3318 1154 3378 nostrae
1196 3298 1604 3392 voluntati,
1656 3288 2200 3393 donationique
2236 3315 2382 3364 au-

169 3428 263 3478 su
310 3409 750 3497 temerario,
787 3431 941 3482 non
986 3408 1539 3501 contradicant,
1595 3427 1740 3480 nec
1775 3399 2191 3505 quicquam
2248 3395 2383 3471 mi-

175 3511 467 3586 nimum
503 3513 973 3619 ,vsurpandm
1013 3514 1134 3589 vel
1171 3513 1551 3592 Christum
1583 3506 2032 3597 Dominum,
2081 3500 2203 3578 vel
2229 3504 2385 3578 eius

176 3618 505 3695 Matrem
554 3619 1111 3697 exhaereditare
1169 3636 1695 3728 praesumant3
1769 3632 1847 3690 et
1896 3612 1960 3687 si
2021 3609 2383 3702 fecerint,

175 3724 364 3802 tales
403 3727 772 3804 temerarii
822 3745 1186 3833 cogantur
1224 3726 1685 3834 respondere
1721 3745 1972 3799 coram
2030 3711 2387 3819 tribunali
2444 3814 2447 3817 Ι

177 3832 495 3909 Domini
537 3838 765 3912 nostri
800 3835 979 3910 Jesu
1028 3835 1332 3932 Christi,
1364 3838 1441 3911 in
1475 3832 1597 3912 die
1635 3826 1954 3917 Judicii‚
1990 3825 2388 3900 nouerint-

179 3963 342 4039 que
382 3967 462 4018 se
506 3945 696 4019 iusto
742 3938 1018 4018 iudicio
1059 3940 1666 4019 exhaeredandos
1700 3935 1796 4011 de
1835 3957 2071 4036 regno
2126 3929 2389 4007 coelo·
2466 3965 2477 3981 r

186 4077 390 4133 rum.
451 4046 533 4126 ld
574 4052 777 4127 circo
817 4074 1082 4126 omnes
1109 4048 1296 4126 tales
1326 4048 1838 4148 cuiuscunqussv
1883 4050 2155 4130 status,
2211 4062 2390 4113 00¹¹·

184 4153 517 4235 dicionis
575 4174 653 4232 et
706 4155 1333 4262 praeeminentiae
1396 4153 1754 4246 existant,
1804 4146 1938 4254 qui
1983 4144 2176 4221 hanc
2252 4169 2392 4222 no·

189 4255 423 4344 stram
455 4260 933 4344 donationem
954 4280 1031 4341 et
1059 4263 1623 4344 concessionem
1664 4254 2071 4361 infringere
2090 4240 2393 4332 studue-
