<?xml version="1.0" encoding="UTF-8"?>
<!DOCTYPE html PUBLIC "-//W3C//DTD XHTML 1.0 Transitional//EN"
    "http://www.w3.org/TR/xhtml1/DTD/xhtml1-transitional.dtd">
<html xmlns="http://www.w3.org/1999/xhtml" xml:lang="en" lang="en">
 <head>
  <title>
</title>
<meta http-equiv="Content-Type" content="text/html;charset=utf-8" />
  <meta name='ocr-system' content='tesseract 3.04.00' />
  <meta name='ocr-capabilities' content='ocr_page ocr_carea ocr_par ocr_line ocrx_word'/>
</head>
<body>
  <div class='ocr_page' id='page_1' title='image "./codexdiplomatic00fejgoog_0375.png"; bbox 0 0 2926 4849; ppageno 0'>
   <div class='ocr_carea' id='block_1_1' title="bbox 2137 490 2281 558">
    <p class='ocr_par' dir='ltr' id='par_1_1' title="bbox 2137 490 2281 558">
     <span class='ocr_line' id='line_1_1' title="bbox 2137 490 2281 558; baseline -0.014 -1"><span class='ocrx_word' id='word_1_1' title='bbox 2137 490 2281 558; x_wconf 80' lang='lat'><strong>361</strong></span> 
     </span>
    </p>
   </div>
   <div class='ocr_carea' id='block_1_2' title="bbox 197 681 2513 4324">
    <p class='ocr_par' dir='ltr' id='par_1_2' title="bbox 197 681 2513 4324">
     <span class='ocr_line' id='line_1_2' title="bbox 197 681 2429 802; baseline -0 -33"><span class='ocrx_word' id='word_1_2' title='bbox 197 696 448 769; x_wconf 78' lang='lat' dir='ltr'><strong>meriz&#39;</strong></span> <span class='ocrx_word' id='word_1_3' title='bbox 506 695 708 798; x_wconf 86' lang='lat' dir='ltr'><strong>quod</strong></span> <span class='ocrx_word' id='word_1_4' title='bbox 767 701 1078 800; x_wconf 81' lang='lat' dir='ltr'><strong>regnum</strong></span> <span class='ocrx_word' id='word_1_5' title='bbox 1130 696 1354 772; x_wconf 80' lang='lat' dir='ltr'><strong>babes</strong></span> <span class='ocrx_word' id='word_1_6' title='bbox 1423 716 1687 802; x_wconf 84' lang='lat' dir='ltr'><strong>potens</strong></span> <span class='ocrx_word' id='word_1_7' title='bbox 1742 715 1816 770; x_wconf 86' lang='lat' dir='ltr'><strong>et</strong></span> <span class='ocrx_word' id='word_1_8' title='bbox 1869 681 2131 787; x_wconf 75' lang='lat' dir='ltr'><strong>fidele,</strong></span> <span class='ocrx_word' id='word_1_9' title='bbox 2191 694 2429 799; x_wconf 39' lang='lat' dir='ltr'><strong>quod,</strong></span> 
     </span>
     <span class='ocr_line' id='line_1_3' title="bbox 199 801 2396 906; baseline 0 -30"><span class='ocrx_word' id='word_1_10' title='bbox 199 801 433 877; x_wconf 78' lang='lat' dir='ltr'><strong>habes</strong></span> <span class='ocrx_word' id='word_1_11' title='bbox 469 820 543 876; x_wconf 90' lang='lat' dir='ltr'><strong>et</strong></span> <span class='ocrx_word' id='word_1_12' title='bbox 579 820 789 888; x_wconf 83' lang='lat' dir='ltr'><strong>natos</strong></span> <span class='ocrx_word' id='word_1_13' title='bbox 818 804 889 875; x_wconf 86' lang='lat' dir='ltr'><strong>in</strong></span> <span class='ocrx_word' id='word_1_14' title='bbox 931 822 1058 877; x_wconf 94' lang='lat' dir='ltr'><strong>tuo</strong></span> <span class='ocrx_word' id='word_1_15' title='bbox 1113 802 1446 880; x_wconf 85' lang='lat' dir='ltr'><strong>dominio</strong></span> <span class='ocrx_word' id='word_1_16' title='bbox 1487 805 1850 906; x_wconf 83' lang='lat' dir='ltr'><strong>legitimos</strong></span> <span class='ocrx_word' id='word_1_17' title='bbox 1892 828 2396 894; x_wconf 68' lang='lat' dir='ltr'><strong>siuc‹r‹·ssoreS‚</strong></span> 
     </span>
     <span class='ocr_line' id='line_1_4' title="bbox 208 908 2398 1011; baseline -0 -27"><span class='ocrx_word' id='word_1_18' title='bbox 208 927 292 984; x_wconf 86' lang='lat' dir='ltr'><strong>et</strong></span> <span class='ocrx_word' id='word_1_19' title='bbox 326 936 476 983; x_wconf 89' lang='lat' dir='ltr'><strong>non</strong></span> <span class='ocrx_word' id='word_1_20' title='bbox 518 908 941 984; x_wconf 70' lang='lat' dir='ltr'><strong>dubitantes</strong></span> <span class='ocrx_word' id='word_1_21' title='bbox 983 915 1288 1011; x_wconf 81' lang='lat' dir='ltr'><strong>gratiam</strong></span> <span class='ocrx_word' id='word_1_22' title='bbox 1333 913 1472 984; x_wconf 91' lang='lat' dir='ltr'><strong>Dei</strong></span> <span class='ocrx_word' id='word_1_23' title='bbox 1517 931 1591 986; x_wconf 91' lang='lat' dir='ltr'><strong>et</strong></span> <span class='ocrx_word' id='word_1_24' title='bbox 1625 913 1975 994; x_wconf 83' lang='lat' dir='ltr'><strong>iustitiam</strong></span> <span class='ocrx_word' id='word_1_25' title='bbox 2008 929 2256 985; x_wconf 87' lang='lat' dir='ltr'><strong>tecum</strong></span> <span class='ocrx_word' id='word_1_26' title='bbox 2290 935 2398 984; x_wconf 84' lang='lat' dir='ltr'><strong>es·</strong></span> 
     </span>
     <span class='ocr_line' id='line_1_5' title="bbox 202 1016 2398 1120; baseline -0 -29"><span class='ocrx_word' id='word_1_27' title='bbox 202 1042 329 1108; x_wconf 82' lang='lat' dir='ltr'><strong>se,</strong></span> <span class='ocrx_word' id='word_1_28' title='bbox 388 1039 584 1113; x_wconf 86' lang='lat' dir='ltr'><strong>quae</strong></span> <span class='ocrx_word' id='word_1_29' title='bbox 629 1020 829 1092; x_wconf 89' lang='lat' dir='ltr'><strong>omni</strong></span> <span class='ocrx_word' id='word_1_30' title='bbox 872 1037 1201 1120; x_wconf 73' lang='lat' dir='ltr'><strong>potentia</strong></span> <span class='ocrx_word' id='word_1_31' title='bbox 1262 1016 1571 1094; x_wconf 82' lang='lat' dir='ltr'><strong>fortiora</strong></span> <span class='ocrx_word' id='word_1_32' title='bbox 1620 1025 1837 1106; x_wconf 71' lang='lat' dir='ltr'><strong>sunt‚&#39;</strong></span> <span class='ocrx_word' id='word_1_33' title='bbox 1893 1044 2273 1118; x_wconf 81' lang='lat' dir='ltr'><strong>speramus</strong></span> <span class='ocrx_word' id='word_1_34' title='bbox 2324 1020 2398 1090; x_wconf 86' lang='lat' dir='ltr'><strong>in</strong></span> 
     </span>
     <span class='ocr_line' id='line_1_6' title="bbox 212 1120 2389 1216; baseline 0.001 -21"><span class='ocrx_word' id='word_1_35' title='bbox 212 1124 569 1216; x_wconf 86' lang='lat' dir='ltr'><strong>Domino,</strong></span> <span class='ocrx_word' id='word_1_36' title='bbox 603 1121 819 1198; x_wconf 88' lang='lat' dir='ltr'><strong>buius</strong></span> <span class='ocrx_word' id='word_1_37' title='bbox 859 1127 1205 1199; x_wconf 81' lang='lat' dir='ltr'><strong>nouitatis</strong></span> <span class='ocrx_word' id='word_1_38' title='bbox 1240 1124 1462 1200; x_wconf 85' lang='lat' dir='ltr'><strong>finem</strong></span> <span class='ocrx_word' id='word_1_39' title='bbox 1502 1128 1635 1202; x_wconf 91' lang='lat' dir='ltr'><strong>tibi</strong></span> <span class='ocrx_word' id='word_1_40' title='bbox 1671 1143 1744 1199; x_wconf 91' lang='lat' dir='ltr'><strong>et</strong></span> <span class='ocrx_word' id='word_1_41' title='bbox 1782 1142 1908 1198; x_wconf 90' lang='lat' dir='ltr'><strong>tuo</strong></span> <span class='ocrx_word' id='word_1_42' title='bbox 1950 1128 2167 1199; x_wconf 87' lang='lat' dir='ltr'><strong>statui</strong></span> <span class='ocrx_word' id='word_1_43' title='bbox 2207 1120 2389 1197; x_wconf 87' lang='lat' dir='ltr'><strong>infe-</strong></span> 
     </span>
     <span class='ocr_line' id='line_1_7' title="bbox 202 1228 2405 1335; baseline 0 -34"><span class='ocrx_word' id='word_1_44' title='bbox 202 1228 429 1303; x_wconf 86' lang='lat' dir='ltr'>licem</span> <span class='ocrx_word' id='word_1_45' title='bbox 490 1255 647 1305; x_wconf 87' lang='lat' dir='ltr'><strong>esse</strong></span> <span class='ocrx_word' id='word_1_46' title='bbox 703 1257 851 1304; x_wconf 87' lang='lat' dir='ltr'><strong>non</strong></span> <span class='ocrx_word' id='word_1_47' title='bbox 902 1258 1136 1335; x_wconf 81' lang='lat' dir='ltr'><strong>posse.</strong></span> <span class='ocrx_word' id='word_1_48' title='bbox 1194 1233 1348 1307; x_wconf 82' lang='lat' dir='ltr'><strong>Nos</strong></span> <span class='ocrx_word' id='word_1_49' title='bbox 1410 1260 1632 1324; x_wconf 87' lang='lat' dir='ltr'><strong>vero,</strong></span> <span class='ocrx_word' id='word_1_50' title='bbox 1691 1233 2071 1333; x_wconf 81' lang='lat' dir='ltr'><strong>cupientes</strong></span> <span class='ocrx_word' id='word_1_51' title='bbox 2130 1235 2199 1305; x_wconf 86' lang='lat' dir='ltr'><strong>in</strong></span> <span class='ocrx_word' id='word_1_52' title='bbox 2257 1228 2405 1302; x_wconf 87' lang='lat' dir='ltr'><strong>hoc</strong></span> 
     </span>
     <span class='ocr_line' id='line_1_8' title="bbox 210 1335 2466 1442; baseline 0 -32"><span class='ocrx_word' id='word_1_53' title='bbox 210 1362 431 1428; x_wconf 86' lang='lat' dir='ltr'><strong>casu,</strong></span> <span class='ocrx_word' id='word_1_54' title='bbox 487 1337 762 1439; x_wconf 79' lang='lat' dir='ltr'><strong>quibus</strong></span> <span class='ocrx_word' id='word_1_55' title='bbox 809 1337 1044 1411; x_wconf 89' lang='lat' dir='ltr'><strong>modis</strong></span> <span class='ocrx_word' id='word_1_56' title='bbox 1085 1365 1471 1442; x_wconf 90' lang='lat' dir='ltr'><strong>possumus</strong></span> <span class='ocrx_word' id='word_1_57' title='bbox 1514 1363 1957 1414; x_wconf 85' lang='lat' dir='ltr'><strong>succurrere</strong></span> <span class='ocrx_word' id='word_1_58' title='bbox 2017 1356 2091 1411; x_wconf 82' lang='lat' dir='ltr'><strong>et</strong></span> <span class='ocrx_word' id='word_1_59' title='bbox 2136 1335 2404 1412; x_wconf 82' lang='lat' dir='ltr'><strong>subue-</strong></span> <span class='ocrx_word' id='word_1_60' title='bbox 2454 1349 2466 1360; x_wconf 70' lang='grc'><strong>“</strong></span> 
     </span>
     <span class='ocr_line' id='line_1_9' title="bbox 212 1439 2406 1549; baseline -0.001 -32"><span class='ocrx_word' id='word_1_61' title='bbox 212 1445 378 1517; x_wconf 81' lang='lat' dir='ltr'><strong>nire</strong></span> <span class='ocrx_word' id='word_1_62' title='bbox 410 1446 817 1518; x_wconf 80' lang='lat' dir='ltr'><strong>necessitati</strong></span> <span class='ocrx_word' id='word_1_63' title='bbox 862 1462 1068 1534; x_wconf 83' lang='lat' dir='ltr'><strong>tuae,</strong></span> <span class='ocrx_word' id='word_1_64' title='bbox 1133 1446 1449 1547; x_wconf 83' lang='lat' dir='ltr'><strong>primum</strong></span> <span class='ocrx_word' id='word_1_65' title='bbox 1496 1449 1648 1549; x_wconf 81' lang='lat' dir='ltr'><strong>pias</strong></span> <span class='ocrx_word' id='word_1_66' title='bbox 1718 1461 1795 1517; x_wconf 87' lang='lat' dir='ltr'><strong>et</strong></span> <span class='ocrx_word' id='word_1_67' title='bbox 1849 1442 2168 1519; x_wconf 75' lang='lat' dir='ltr'><strong>humiles</strong></span> <span class='ocrx_word' id='word_1_68' title='bbox 2233 1439 2406 1517; x_wconf 81' lang='lat' dir='ltr'><strong>seci-</strong></span> 
     </span>
     <span class='ocr_line' id='line_1_10' title="bbox 209 1548 2411 1655; baseline 0.001 -33"><span class='ocrx_word' id='word_1_69' title='bbox 209 1575 375 1622; x_wconf 88' lang='lat' dir='ltr'><strong>mus</strong></span> <span class='ocrx_word' id='word_1_70' title='bbox 425 1552 796 1625; x_wconf 86' lang='lat' dir='ltr'><strong>orationes</strong></span> <span class='ocrx_word' id='word_1_71' title='bbox 853 1550 946 1624; x_wconf 86' lang='lat' dir='ltr'><strong>ad</strong></span> <span class='ocrx_word' id='word_1_72' title='bbox 995 1552 1232 1625; x_wconf 88' lang='lat' dir='ltr'><strong>Deum</strong></span> <span class='ocrx_word' id='word_1_73' title='bbox 1261 1611 1277 1633; x_wconf 81' lang='lat'>,</span> <span class='ocrx_word' id='word_1_74' title='bbox 1340 1579 1483 1655; x_wconf 85' lang='lat' dir='ltr'><strong>pro</strong></span> <span class='ocrx_word' id='word_1_75' title='bbox 1527 1553 1956 1627; x_wconf 75' lang='lat' dir='ltr'>liberatione</span> <span class='ocrx_word' id='word_1_76' title='bbox 1999 1569 2074 1625; x_wconf 85' lang='lat' dir='ltr'><strong>et</strong></span> <span class='ocrx_word' id='word_1_77' title='bbox 2118 1548 2411 1625; x_wconf 76' lang='lat' dir='ltr'><strong>incola·-</strong></span> 
     </span>
     <span class='ocr_line' id='line_1_11' title="bbox 209 1656 2398 1760; baseline -0 -30"><span class='ocrx_word' id='word_1_78' title='bbox 209 1659 470 1730; x_wconf 86' lang='lat' dir='ltr'><strong>mitate</strong></span> <span class='ocrx_word' id='word_1_79' title='bbox 513 1676 629 1729; x_wconf 87' lang='lat' dir='ltr'><strong>tua</strong></span> <span class='ocrx_word' id='word_1_80' title='bbox 655 1712 676 1749; x_wconf 89' lang='lat'><strong><em>‚</em></strong></span> <span class='ocrx_word' id='word_1_81' title='bbox 732 1656 1003 1732; x_wconf 89' lang='lat' dir='ltr'><strong>deinde</strong></span> <span class='ocrx_word' id='word_1_82' title='bbox 1046 1685 1176 1758; x_wconf 84' lang='lat' dir='ltr'><strong>per</strong></span> <span class='ocrx_word' id='word_1_83' title='bbox 1210 1659 1450 1735; x_wconf 80' lang='lat' dir='ltr'><strong>literas</strong></span> <span class='ocrx_word' id='word_1_84' title='bbox 1495 1676 1780 1734; x_wconf 71' lang='lat' dir='ltr'><strong>nostras</strong></span> <span class='ocrx_word' id='word_1_85' title='bbox 1824 1660 2246 1760; x_wconf 68' lang='lat' dir='ltr'><strong>rogauimus</strong></span> <span class='ocrx_word' id='word_1_86' title='bbox 2289 1659 2398 1730; x_wconf 88' lang='lat' dir='ltr'><strong>in-</strong></span> 
     </span>
     <span class='ocr_line' id='line_1_12' title="bbox 214 1762 2407 1862; baseline -0.002 -22"><span class='ocrx_word' id='word_1_87' title='bbox 214 1763 659 1840; x_wconf 86' lang='lat' dir='ltr'><strong>stantissime</strong></span> <span class='ocrx_word' id='word_1_88' title='bbox 701 1763 1217 1862; x_wconf 82' lang='lat' dir='ltr'><strong>Charissimum</strong></span> <span class='ocrx_word' id='word_1_89' title='bbox 1265 1769 1338 1839; x_wconf 90' lang='lat' dir='ltr'><strong>in</strong></span> <span class='ocrx_word' id='word_1_90' title='bbox 1393 1766 1686 1842; x_wconf 86' lang='lat' dir='ltr'><strong>Christo</strong></span> <span class='ocrx_word' id='word_1_91' title='bbox 1750 1762 1980 1836; x_wconf 83' lang='lat' dir='ltr'><strong>filium</strong></span> <span class='ocrx_word' id='word_1_92' title='bbox 2028 1782 2407 1852; x_wconf 59' lang='lat' dir='ltr'><strong>nostrum„</strong></span> 
     </span>
     <span class='ocr_line' id='line_1_13' title="bbox 217 1867 2408 1976; baseline -0.002 -30"><span class='ocrx_word' id='word_1_93' title='bbox 217 1870 776 1972; x_wconf 84' lang='lat' dir='ltr'><strong>Sigismundum</strong></span> <span class='ocrx_word' id='word_1_94' title='bbox 820 1873 1331 1958; x_wconf 68' lang='lat' dir='ltr'><strong>Romanorum</strong></span> <span class='ocrx_word' id='word_1_95' title='bbox 1367 1899 1618 1976; x_wconf 79' lang='lat' dir='ltr'><strong>regem</strong></span> <span class='ocrx_word' id='word_1_96' title='bbox 1654 1867 2061 1958; x_wconf 81' lang='lat' dir='ltr'><strong>Illustrem,</strong></span> <span class='ocrx_word' id='word_1_97' title='bbox 2122 1887 2199 1942; x_wconf 85' lang='lat' dir='ltr'><strong>vt</strong></span> <span class='ocrx_word' id='word_1_98' title='bbox 2235 1895 2408 1942; x_wconf 88' lang='lat' dir='ltr'><strong>cum</strong></span> 
     </span>
     <span class='ocr_line' id='line_1_14' title="bbox 220 1974 2411 2054; baseline -0.002 -3"><span class='ocrx_word' id='word_1_99' title='bbox 220 1979 429 2051; x_wconf 90' lang='lat' dir='ltr'><strong>omni</strong></span> <span class='ocrx_word' id='word_1_100' title='bbox 475 1974 822 2054; x_wconf 71' lang='lat' dir='ltr'>charitate</span> <span class='ocrx_word' id='word_1_101' title='bbox 857 1997 928 2052; x_wconf 85' lang='lat' dir='ltr'><strong>et</strong></span> <span class='ocrx_word' id='word_1_102' title='bbox 968 1977 1114 2052; x_wconf 85' lang='lat' dir='ltr'><strong>fide</strong></span> <span class='ocrx_word' id='word_1_103' title='bbox 1164 1980 1482 2053; x_wconf 84' lang='lat' dir='ltr'><strong>fraterna</strong></span> <span class='ocrx_word' id='word_1_104' title='bbox 1524 1976 1703 2051; x_wconf 79' lang='lat' dir='ltr'><strong>velit</strong></span> <span class='ocrx_word' id='word_1_105' title='bbox 1735 1978 2119 2051; x_wconf 77' lang='lat' dir='ltr'><strong>intendere</strong></span> <span class='ocrx_word' id='word_1_106' title='bbox 2153 1974 2411 2051; x_wconf 84' lang='lat' dir='ltr'><strong>libera·</strong></span> 
     </span>
     <span class='ocr_line' id='line_1_15' title="bbox 217 2080 2410 2189; baseline -0.002 -31"><span class='ocrx_word' id='word_1_107' title='bbox 217 2084 650 2178; x_wconf 75' lang='lat' dir='ltr'><strong>tionituae3</strong></span> <span class='ocrx_word' id='word_1_108' title='bbox 691 2089 1006 2189; x_wconf 81' lang='lat' dir='ltr'><strong>quarum</strong></span> <span class='ocrx_word' id='word_1_109' title='bbox 1046 2086 1418 2160; x_wconf 75' lang='lat' dir='ltr'><strong>literarum</strong></span> <span class='ocrx_word' id='word_1_110' title='bbox 1458 2087 1748 2189; x_wconf 90' lang='lat' dir='ltr'><strong>copiam</strong></span> <span class='ocrx_word' id='word_1_111' title='bbox 1782 2082 1914 2155; x_wconf 87' lang='lat' dir='ltr'><strong>tibi</strong></span> <span class='ocrx_word' id='word_1_112' title='bbox 1940 2080 2410 2172; x_wconf 78' lang='lat' dir='ltr'><strong>destinamus,</strong></span> 
     </span>
     <span class='ocr_line' id='line_1_16' title="bbox 215 2189 2513 2295; baseline -0.001 -31"><span class='ocrx_word' id='word_1_113' title='bbox 215 2189 733 2295; x_wconf 86' lang='lat' dir='ltr'><strong>praesentibus</strong></span> <span class='ocrx_word' id='word_1_114' title='bbox 753 2190 1141 2281; x_wconf 81' lang='lat' dir='ltr'><strong>inclusam,</strong></span> <span class='ocrx_word' id='word_1_115' title='bbox 1180 2212 1254 2268; x_wconf 84' lang='lat' dir='ltr'><strong>et</strong></span> <span class='ocrx_word' id='word_1_116' title='bbox 1283 2219 1662 2294; x_wconf 85' lang='lat' dir='ltr'><strong>speramus</strong></span> <span class='ocrx_word' id='word_1_117' title='bbox 1685 2191 1758 2263; x_wconf 92' lang='lat' dir='ltr'><strong>in</strong></span> <span class='ocrx_word' id='word_1_118' title='bbox 1785 2189 2234 2265; x_wconf 72' lang='lat' dir='ltr'><strong>Excellentia</strong></span> <span class='ocrx_word' id='word_1_119' title='bbox 2257 2216 2408 2277; x_wconf 87' lang='lat' dir='ltr'><strong>sua,</strong></span> <span class='ocrx_word' id='word_1_120' title='bbox 2498 2195 2513 2207; x_wconf 82' lang='grc'><em>”</em></span> 
     </span>
     <span class='ocr_line' id='line_1_17' title="bbox 217 2295 2408 2399; baseline -0.003 -27"><span class='ocrx_word' id='word_1_121' title='bbox 217 2295 428 2399; x_wconf 89' lang='lat' dir='ltr'><strong>quod</strong></span> <span class='ocrx_word' id='word_1_122' title='bbox 466 2299 540 2370; x_wconf 90' lang='lat' dir='ltr'><strong>in</strong></span> <span class='ocrx_word' id='word_1_123' title='bbox 579 2322 752 2372; x_wconf 84' lang='lat' dir='ltr'><strong>casu</strong></span> <span class='ocrx_word' id='word_1_124' title='bbox 794 2295 937 2371; x_wconf 85' lang='lat' dir='ltr'><strong>hoc</strong></span> <span class='ocrx_word' id='word_1_125' title='bbox 979 2314 1107 2372; x_wconf 87' lang='lat' dir='ltr'><strong>tuo</strong></span> <span class='ocrx_word' id='word_1_126' title='bbox 1167 2298 1564 2374; x_wconf 81' lang='lat' dir='ltr'>conabitur</span> <span class='ocrx_word' id='word_1_127' title='bbox 1602 2299 2008 2375; x_wconf 69' lang='lat' dir='ltr'><strong>bonitatem</strong></span> <span class='ocrx_word' id='word_1_128' title='bbox 2034 2354 2050 2379; x_wconf 92' lang='lat'>‚</span> <span class='ocrx_word' id='word_1_129' title='bbox 2092 2296 2408 2370; x_wconf 80' lang='lat' dir='ltr'><strong>clemen-</strong></span> 
     </span>
     <span class='ocr_line' id='line_1_18' title="bbox 219 2401 2402 2508; baseline -0.002 -29"><span class='ocrx_word' id='word_1_130' title='bbox 219 2411 402 2481; x_wconf 84' lang='lat' dir='ltr'><strong>tiam</strong></span> <span class='ocrx_word' id='word_1_131' title='bbox 436 2417 513 2479; x_wconf 69' lang='grc' dir='ltr'><strong>εἰ</strong></span> <span class='ocrx_word' id='word_1_132' title='bbox 557 2403 955 2479; x_wconf 71' lang='lat' dir='ltr'><strong>fraternam</strong></span> <span class='ocrx_word' id='word_1_133' title='bbox 997 2405 1420 2482; x_wconf 81' lang='lat' dir='ltr'><strong>charitatem</strong></span> <span class='ocrx_word' id='word_1_134' title='bbox 1480 2431 1651 2508; x_wconf 82' lang='lat' dir='ltr'><strong>erga</strong></span> <span class='ocrx_word' id='word_1_135' title='bbox 1699 2426 1769 2480; x_wconf 91' lang='lat' dir='ltr'><strong>te</strong></span> <span class='ocrx_word' id='word_1_136' title='bbox 1829 2431 1913 2478; x_wconf 91' lang='lat' dir='ltr'><strong>ac</strong></span> <span class='ocrx_word' id='word_1_137' title='bbox 1956 2401 2402 2505; x_wconf 63' lang='lat' dir='ltr'><strong>⁴magnitudi-</strong></span> 
     </span>
     <span class='ocr_line' id='line_1_19' title="bbox 220 2510 2411 2615; baseline -0.002 -28"><span class='ocrx_word' id='word_1_138' title='bbox 220 2540 399 2587; x_wconf 89' lang='lat' dir='ltr'><strong>nem</strong></span> <span class='ocrx_word' id='word_1_139' title='bbox 438 2514 656 2585; x_wconf 88' lang='lat' dir='ltr'><strong>animi</strong></span> <span class='ocrx_word' id='word_1_140' title='bbox 695 2513 1225 2607; x_wconf 84' lang='lat' dir='ltr'><strong>demonstrare,</strong></span> <span class='ocrx_word' id='word_1_141' title='bbox 1259 2540 1449 2615; x_wconf 89' lang='lat' dir='ltr'><strong>quae</strong></span> <span class='ocrx_word' id='word_1_142' title='bbox 1490 2518 1562 2588; x_wconf 89' lang='lat' dir='ltr'><strong>in</strong></span> <span class='ocrx_word' id='word_1_143' title='bbox 1603 2513 1799 2586; x_wconf 81' lang='lat' dir='ltr'><strong>nulla</strong></span> <span class='ocrx_word' id='word_1_144' title='bbox 1835 2510 1974 2585; x_wconf 82' lang='lat' dir='ltr'><strong>alia</strong></span> <span class='ocrx_word' id='word_1_145' title='bbox 2014 2536 2232 2584; x_wconf 80' lang='lat' dir='ltr'><strong>rausa</strong></span> <span class='ocrx_word' id='word_1_146' title='bbox 2273 2510 2411 2584; x_wconf 87' lang='lat' dir='ltr'><strong>cla·</strong></span> 
     </span>
     <span class='ocr_line' id='line_1_20' title="bbox 228 2618 2413 2723; baseline -0.003 -29"><span class='ocrx_word' id='word_1_147' title='bbox 228 2622 390 2694; x_wconf 88' lang='lat' dir='ltr'><strong>rius</strong></span> <span class='ocrx_word' id='word_1_148' title='bbox 427 2620 759 2723; x_wconf 90' lang='lat' dir='ltr'><strong>perspici</strong></span> <span class='ocrx_word' id='word_1_149' title='bbox 795 2637 1068 2722; x_wconf 87' lang='lat' dir='ltr'><strong>potest,</strong></span> <span class='ocrx_word' id='word_1_150' title='bbox 1126 2623 1318 2698; x_wconf 83' lang='lat' dir='ltr'><strong>sicut</strong></span> <span class='ocrx_word' id='word_1_151' title='bbox 1363 2622 1433 2695; x_wconf 90' lang='lat' dir='ltr'><strong>ei</strong></span> <span class='ocrx_word' id='word_1_152' title='bbox 1519 2620 1928 2695; x_wconf 75' lang='lat' dir='ltr'><strong>scribimus,</strong></span> <span class='ocrx_word' id='word_1_153' title='bbox 2022 2618 2413 2692; x_wconf 84' lang='lat' dir='ltr'><strong>Caeterum</strong></span> 
     </span>
     <span class='ocr_line' id='line_1_21' title="bbox 224 2723 2404 2831; baseline -0.001 -31"><span class='ocrx_word' id='word_1_154' title='bbox 224 2724 333 2800; x_wconf 84' lang='lat' dir='ltr'><strong>fili</strong></span> <span class='ocrx_word' id='word_1_155' title='bbox 367 2726 818 2808; x_wconf 79' lang='lat' dir='ltr'><strong>charissime,</strong></span> <span class='ocrx_word' id='word_1_156' title='bbox 878 2728 1050 2830; x_wconf 84' lang='lat' dir='ltr'><strong>quia</strong></span> <span class='ocrx_word' id='word_1_157' title='bbox 1097 2727 1311 2801; x_wconf 85' lang='lat' dir='ltr'><strong>valde</strong></span> <span class='ocrx_word' id='word_1_158' title='bbox 1345 2730 1716 2831; x_wconf 87' lang='lat' dir='ltr'><strong>cupimus,</strong></span> <span class='ocrx_word' id='word_1_159' title='bbox 1774 2744 1851 2799; x_wconf 84' lang='lat' dir='ltr'><strong>vt</strong></span> <span class='ocrx_word' id='word_1_160' title='bbox 1895 2728 2090 2799; x_wconf 87' lang='lat' dir='ltr'><strong>inter</strong></span> <span class='ocrx_word' id='word_1_161' title='bbox 2132 2748 2262 2798; x_wconf 84' lang='lat' dir='ltr'><strong>vos</strong></span> <span class='ocrx_word' id='word_1_162' title='bbox 2302 2723 2404 2798; x_wconf 83' lang='lat' dir='ltr'><strong>vi-</strong></span> 
     </span>
     <span class='ocr_line' id='line_1_22' title="bbox 225 2826 2416 2937; baseline -0.002 -31"><span class='ocrx_word' id='word_1_163' title='bbox 225 2851 395 2937; x_wconf 84' lang='lat' dir='ltr'><strong>geat</strong></span> <span class='ocrx_word' id='word_1_164' title='bbox 425 2833 885 2924; x_wconf 79' lang='lat' dir='ltr'><strong>fraternitas,</strong></span> <span class='ocrx_word' id='word_1_165' title='bbox 939 2861 1149 2909; x_wconf 89' lang='lat' dir='ltr'><strong>amor</strong></span> <span class='ocrx_word' id='word_1_166' title='bbox 1180 2852 1254 2908; x_wconf 92' lang='lat' dir='ltr'><strong>et</strong></span> <span class='ocrx_word' id='word_1_167' title='bbox 1292 2833 1600 2909; x_wconf 89' lang='lat' dir='ltr'><strong>charitas</strong></span> <span class='ocrx_word' id='word_1_168' title='bbox 1624 2890 1643 2926; x_wconf 93' lang='lat'>,</span> <span class='ocrx_word' id='word_1_169' title='bbox 1680 2859 1764 2923; x_wconf 78' lang='lat' dir='ltr'><strong>ae</strong></span> <span class='ocrx_word' id='word_1_170' title='bbox 1804 2850 2163 2936; x_wconf 85' lang='lat' dir='ltr'><strong>perpetua</strong></span> <span class='ocrx_word' id='word_1_171' title='bbox 2198 2848 2273 2904; x_wconf 90' lang='lat' dir='ltr'><strong>et</strong></span> <span class='ocrx_word' id='word_1_172' title='bbox 2299 2826 2416 2902; x_wconf 87' lang='lat' dir='ltr'><strong>fir-</strong></span> 
     </span>
     <span class='ocr_line' id='line_1_23' title="bbox 222 2939 2415 3044; baseline -0.001 -31"><span class='ocrx_word' id='word_1_173' title='bbox 222 2969 346 3013; x_wconf 88' lang='lat' dir='ltr'><strong>ma</strong></span> <span class='ocrx_word' id='word_1_174' title='bbox 391 2939 830 3028; x_wconf 79' lang='lat' dir='ltr'><strong>concordia3</strong></span> <span class='ocrx_word' id='word_1_175' title='bbox 886 2968 1271 3043; x_wconf 82' lang='lat' dir='ltr'><strong>rogamus,</strong></span> <span class='ocrx_word' id='word_1_176' title='bbox 1344 2942 1837 3044; x_wconf 73' lang='lat' dir='ltr'><strong>requirimus,</strong></span> <span class='ocrx_word' id='word_1_177' title='bbox 1895 2957 1969 3012; x_wconf 89' lang='lat' dir='ltr'><strong>et</strong></span> <span class='ocrx_word' id='word_1_178' title='bbox 2030 2960 2415 3010; x_wconf 83' lang='lat' dir='ltr'><strong>monemus</strong></span> 
     </span>
     <span class='ocr_line' id='line_1_24' title="bbox 223 3044 2412 3141; baseline -0.003 -21"><span class='ocrx_word' id='word_1_179' title='bbox 223 3050 445 3122; x_wconf 84' lang='lat' dir='ltr'><strong>etiam</strong></span> <span class='ocrx_word' id='word_1_180' title='bbox 492 3045 1011 3120; x_wconf 80' lang='lat' dir='ltr'><strong>sublimitatem</strong></span> <span class='ocrx_word' id='word_1_181' title='bbox 1054 3066 1289 3141; x_wconf 87' lang='lat' dir='ltr'><strong>tuam,</strong></span> <span class='ocrx_word' id='word_1_182' title='bbox 1353 3066 1426 3121; x_wconf 85' lang='lat' dir='ltr'><strong>vt</strong></span> <span class='ocrx_word' id='word_1_183' title='bbox 1461 3046 1798 3120; x_wconf 84' lang='lat' dir='ltr'><strong>similiter</strong></span> <span class='ocrx_word' id='word_1_184' title='bbox 1849 3048 1924 3118; x_wconf 90' lang='lat' dir='ltr'><strong>in</strong></span> <span class='ocrx_word' id='word_1_185' title='bbox 1968 3044 2282 3140; x_wconf 81' lang='lat' dir='ltr'><strong>negotiis</strong></span> <span class='ocrx_word' id='word_1_186' title='bbox 2337 3059 2412 3117; x_wconf 91' lang='lat' dir='ltr'><strong>et</strong></span> 
     </span>
     <span class='ocr_line' id='line_1_25' title="bbox 224 3149 2410 3269; baseline -0.004 -42"><span class='ocrx_word' id='word_1_187' title='bbox 224 3152 778 3228; x_wconf 78' lang='lat' dir='ltr'><strong>necessitatibus</strong></span> <span class='ocrx_word' id='word_1_188' title='bbox 841 3155 1032 3269; x_wconf 27' lang='lat' dir='ltr'><strong>suisw,</strong></span> <span class='ocrx_word' id='word_1_189' title='bbox 1109 3158 1266 3257; x_wconf 87' lang='lat' dir='ltr'><strong>pari</strong></span> <span class='ocrx_word' id='word_1_190' title='bbox 1313 3154 1699 3229; x_wconf 76' lang='lat' dir='ltr'><strong>affectione</strong></span> <span class='ocrx_word' id='word_1_191' title='bbox 1778 3171 1849 3226; x_wconf 87' lang='lat' dir='ltr'><strong>te</strong></span> <span class='ocrx_word' id='word_1_192' title='bbox 1908 3149 2173 3223; x_wconf 86' lang='lat' dir='ltr'><strong>habeas</strong></span> <span class='ocrx_word' id='word_1_193' title='bbox 2236 3174 2410 3250; x_wconf 83' lang='lat' dir='ltr'><strong>erga</strong></span> 
     </span>
     <span class='ocr_line' id='line_1_26' title="bbox 225 3256 2411 3364; baseline -0.005 -29"><span class='ocrx_word' id='word_1_194' title='bbox 225 3265 499 3364; x_wconf 89' lang='lat' dir='ltr'><strong>ipsum,</strong></span> <span class='ocrx_word' id='word_1_195' title='bbox 537 3278 611 3333; x_wconf 93' lang='lat' dir='ltr'><strong>et</strong></span> <span class='ocrx_word' id='word_1_196' title='bbox 646 3263 1060 3363; x_wconf 82' lang='lat' dir='ltr'><strong>specialiter</strong></span> <span class='ocrx_word' id='word_1_197' title='bbox 1099 3261 1275 3336; x_wconf 83' lang='lat' dir='ltr'><strong>velis</strong></span> <span class='ocrx_word' id='word_1_198' title='bbox 1297 3264 1628 3351; x_wconf 88' lang='lat' dir='ltr'><strong>omnino,</strong></span> <span class='ocrx_word' id='word_1_199' title='bbox 1662 3277 1741 3334; x_wconf 83' lang='lat' dir='ltr'><strong>vt</strong></span> <span class='ocrx_word' id='word_1_200' title='bbox 1773 3258 2003 3332; x_wconf 86' lang='lat' dir='ltr'><strong>debes</strong></span> <span class='ocrx_word' id='word_1_201' title='bbox 2028 3314 2047 3348; x_wconf 91' lang='lat'>,</span> <span class='ocrx_word' id='word_1_202' title='bbox 2089 3285 2134 3330; x_wconf 89' lang='lat' dir='ltr'><strong>o</strong></span> <span class='ocrx_word' id='word_1_203' title='bbox 2157 3284 2230 3329; x_wconf 90' lang='lat' dir='ltr'><strong>m</strong></span> <span class='ocrx_word' id='word_1_204' title='bbox 2255 3284 2301 3327; x_wconf 90' lang='lat' dir='ltr'><strong>n</strong></span> <span class='ocrx_word' id='word_1_205' title='bbox 2324 3256 2344 3325; x_wconf 90' lang='lat' dir='ltr'><strong>i</strong></span> <span class='ocrx_word' id='word_1_206' title='bbox 2370 3281 2411 3326; x_wconf 89' lang='lat' dir='ltr'><strong>a</strong></span> 
     </span>
     <span class='ocr_line' id='line_1_27' title="bbox 227 3360 2417 3466; baseline -0.004 -23"><span class='ocrx_word' id='word_1_207' title='bbox 227 3365 583 3443; x_wconf 89' lang='lat' dir='ltr'><strong>dudum</strong></span> <span class='ocrx_word' id='word_1_208' title='bbox 620 3366 884 3440; x_wconf 72' lang='lat' dir='ltr'><strong>inter</strong></span> <span class='ocrx_word' id='word_1_209' title='bbox 926 3394 1090 3442; x_wconf 86' lang='lat' dir='ltr'><strong>vos</strong></span> <span class='ocrx_word' id='word_1_210' title='bbox 1133 3391 1639 3442; x_wconf 82' lang='lat' dir='ltr'><strong>conuenta</strong></span> <span class='ocrx_word' id='word_1_211' title='bbox 1699 3389 2127 3454; x_wconf 85' lang='lat' dir='ltr'><strong>seruare,</strong></span> <span class='ocrx_word' id='word_1_212' title='bbox 2168 3360 2417 3466; x_wconf 89' lang='lat' dir='ltr'><strong>quod</strong></span> 
     </span>
     <span class='ocr_line' id='line_1_28' title="bbox 231 3467 2412 3578; baseline -0.005 -28"><span class='ocrx_word' id='word_1_213' title='bbox 231 3493 691 3550; x_wconf 87' lang='lat' dir='ltr'><strong>oratores</strong></span> <span class='ocrx_word' id='word_1_214' title='bbox 777 3475 986 3548; x_wconf 86' lang='lat' dir='ltr'><strong>eius</strong></span> <span class='ocrx_word' id='word_1_215' title='bbox 1084 3474 1328 3578; x_wconf 88' lang='lat' dir='ltr'><strong>apud</strong></span> <span class='ocrx_word' id='word_1_216' title='bbox 1385 3501 1588 3573; x_wconf 3' lang='lat' dir='ltr'><strong>-pnos</strong></span> <span class='ocrx_word' id='word_1_217' title='bbox 1677 3474 2216 3548; x_wconf 77' lang='lat' dir='ltr'><strong>existentes</strong></span> <span class='ocrx_word' id='word_1_218' title='bbox 2296 3467 2340 3540; x_wconf 90' lang='lat' dir='ltr'>d</span> <span class='ocrx_word' id='word_1_219' title='bbox 2372 3494 2412 3541; x_wconf 92' lang='lat' dir='ltr'><strong>e</strong></span> 
     </span>
     <span class='ocr_line' id='line_1_29' title="bbox 230 3577 2413 3687; baseline -0.002 -35"><span class='ocrx_word' id='word_1_220' title='bbox 230 3583 771 3687; x_wconf 87' lang='lat' dir='ltr'><strong>praesenti,</strong></span> <span class='ocrx_word' id='word_1_221' title='bbox 866 3584 1143 3656; x_wconf 89' lang='lat' dir='ltr'><strong>inter</strong></span> <span class='ocrx_word' id='word_1_222' title='bbox 1221 3600 1615 3657; x_wconf 87' lang='lat' dir='ltr'><strong>caetera</strong></span> <span class='ocrx_word' id='word_1_223' title='bbox 1699 3577 2413 3682; x_wconf 87' lang='lat' dir='ltr'><strong>requirebant,</strong></span> 
     </span>
     <span class='ocr_line' id='line_1_30' title="bbox 223 3680 2418 3790; baseline -0.004 -30"><span class='ocrx_word' id='word_1_224' title='bbox 223 3706 621 3790; x_wconf 87' lang='lat' dir='ltr'><strong>antequam</strong></span> <span class='ocrx_word' id='word_1_225' title='bbox 657 3686 1054 3761; x_wconf 86' lang='lat' dir='ltr'><strong>haberetur</strong></span> <span class='ocrx_word' id='word_1_226' title='bbox 1077 3716 1334 3763; x_wconf 89' lang='lat' dir='ltr'><strong>rumor</strong></span> <span class='ocrx_word' id='word_1_227' title='bbox 1357 3689 1705 3763; x_wconf 87' lang='lat' dir='ltr'><strong>nouitatis</strong></span> <span class='ocrx_word' id='word_1_228' title='bbox 1743 3683 2199 3776; x_wconf 82' lang='lat' dir='ltr'><strong>huiusmodi3</strong></span> <span class='ocrx_word' id='word_1_229' title='bbox 2228 3710 2273 3786; x_wconf 88' lang='lat' dir='ltr'>p</span> <span class='ocrx_word' id='word_1_230' title='bbox 2297 3705 2344 3752; x_wconf 88' lang='lat' dir='ltr'><strong>o</strong></span> <span class='ocrx_word' id='word_1_231' title='bbox 2368 3680 2418 3753; x_wconf 83' lang='grc'><strong>1-</strong></span> 
     </span>
     <span class='ocr_line' id='line_1_31' title="bbox 227 3790 2421 3900; baseline -0.003 -33"><span class='ocrx_word' id='word_1_232' title='bbox 227 3794 644 3869; x_wconf 84' lang='lat' dir='ltr'><strong>licentes</strong></span> <span class='ocrx_word' id='word_1_233' title='bbox 693 3794 1238 3894; x_wconf 83' lang='lat' dir='ltr'><strong>praefatum</strong></span> <span class='ocrx_word' id='word_1_234' title='bbox 1272 3822 1594 3900; x_wconf 85' lang='lat' dir='ltr'><strong>regem</strong></span> <span class='ocrx_word' id='word_1_235' title='bbox 1637 3797 2149 3868; x_wconf 85' lang='lat' dir='ltr'><strong>Romanor.</strong></span> <span class='ocrx_word' id='word_1_236' title='bbox 2195 3790 2421 3893; x_wconf 88' lang='lat' dir='ltr'><strong>pari·</strong></span> 
     </span>
     <span class='ocr_line' id='line_1_32' title="bbox 226 3896 2422 4004; baseline -0.005 -27"><span class='ocrx_word' id='word_1_237' title='bbox 226 3919 372 3977; x_wconf 85' lang='lat' dir='ltr'><strong>ter</strong></span> <span class='ocrx_word' id='word_1_238' title='bbox 390 3927 422 3974; x_wconf 90' lang='lat' dir='ltr'><strong>s</strong></span> <span class='ocrx_word' id='word_1_239' title='bbox 447 3927 487 3973; x_wconf 90' lang='lat' dir='ltr'><strong>e</strong></span> <span class='ocrx_word' id='word_1_240' title='bbox 514 3931 552 3975; x_wconf 93' lang='lat' dir='ltr'><strong>r</strong></span> <span class='ocrx_word' id='word_1_241' title='bbox 572 3929 621 3975; x_wconf 91' lang='lat' dir='ltr'><strong>u</strong></span> <span class='ocrx_word' id='word_1_242' title='bbox 639 3910 679 3972; x_wconf 89' lang='lat' dir='ltr'><strong>&#39;a</strong></span> <span class='ocrx_word' id='word_1_243' title='bbox 697 3919 726 3974; x_wconf 90' lang='lat' dir='ltr'><strong>t</strong></span> <span class='ocrx_word' id='word_1_244' title='bbox 752 3930 797 3974; x_wconf 90' lang='lat' dir='ltr'><strong>u</strong></span> <span class='ocrx_word' id='word_1_245' title='bbox 821 3930 858 3973; x_wconf 88' lang='lat' dir='ltr'><strong>r</strong></span> <span class='ocrx_word' id='word_1_246' title='bbox 881 3928 926 3973; x_wconf 89' lang='lat' dir='ltr'><strong>u</strong></span> <span class='ocrx_word' id='word_1_247' title='bbox 951 3930 1044 3975; x_wconf 89' lang='lat' dir='ltr'><strong>m.</strong></span> <span class='ocrx_word' id='word_1_248' title='bbox 1068 3901 1275 3989; x_wconf 89' lang='lat' dir='ltr'><strong>Quae</strong></span> <span class='ocrx_word' id='word_1_249' title='bbox 1298 3904 1682 4004; x_wconf 79' lang='lat' dir='ltr'><strong>requisitio</strong></span> <span class='ocrx_word' id='word_1_250' title='bbox 1707 3925 1880 3972; x_wconf 87' lang='lat' dir='ltr'><strong>cum</strong></span> <span class='ocrx_word' id='word_1_251' title='bbox 1902 3896 2422 3969; x_wconf 86' lang='lat' dir='ltr'><strong>honestaetiu·</strong></span> 
     </span>
     <span class='ocr_line' id='line_1_33' title="bbox 225 4003 2419 4109; baseline -0.004 -28"><span class='ocrx_word' id='word_1_252' title='bbox 225 4025 338 4082; x_wconf 86' lang='lat' dir='ltr'><strong>sta</strong></span> <span class='ocrx_word' id='word_1_253' title='bbox 380 4009 509 4099; x_wconf 86' lang='lat' dir='ltr'><strong>sit,</strong></span> <span class='ocrx_word' id='word_1_254' title='bbox 567 4007 702 4079; x_wconf 89' lang='lat' dir='ltr'><strong>tibi</strong></span> <span class='ocrx_word' id='word_1_255' title='bbox 743 4008 1232 4109; x_wconf 71' lang='lat' dir='ltr'><strong>iniungimus,</strong></span> <span class='ocrx_word' id='word_1_256' title='bbox 1287 4027 1366 4081; x_wconf 83' lang='lat' dir='ltr'><strong>vt</strong></span> <span class='ocrx_word' id='word_1_257' title='bbox 1411 4009 1585 4083; x_wconf 84' lang='lat' dir='ltr'><strong>velis</strong></span> <span class='ocrx_word' id='word_1_258' title='bbox 1624 4020 1785 4081; x_wconf 82' lang='lat' dir='ltr'><strong>e&#39;am</strong></span> <span class='ocrx_word' id='word_1_259' title='bbox 1841 4003 1935 4097; x_wconf 70' lang='lat' dir='ltr'><strong>ex</strong></span> <span class='ocrx_word' id='word_1_260' title='bbox 1991 4021 2197 4106; x_wconf 84' lang='lat' dir='ltr'><strong>parte</strong></span> <span class='ocrx_word' id='word_1_261' title='bbox 2256 4021 2419 4091; x_wconf 80' lang='lat' dir='ltr'><strong>tua,</strong></span> 
     </span>
     <span class='ocr_line' id='line_1_34' title="bbox 222 4111 2422 4219; baseline -0.005 -30"><span class='ocrx_word' id='word_1_262' title='bbox 222 4113 1194 4217; x_wconf 75' lang='lat' dir='ltr'><strong>effectualiter&#39;adimplere‚</strong></span> <span class='ocrx_word' id='word_1_263' title='bbox 1252 4114 1786 4219; x_wconf 84' lang='lat' dir='ltr'><strong>praetermissis</strong></span> <span class='ocrx_word' id='word_1_264' title='bbox 1822 4111 2134 4185; x_wconf 86' lang='lat' dir='ltr'><strong>caeteris</strong></span> <span class='ocrx_word' id='word_1_265' title='bbox 2160 4167 2179 4201; x_wconf 91' lang='lat'>,</span> <span class='ocrx_word' id='word_1_266' title='bbox 2222 4132 2422 4209; x_wconf 86' lang='lat' dir='ltr'><strong>quae</strong></span> 
     </span>
     <span class='ocr_line' id='line_1_35' title="bbox 235 4215 2430 4324; baseline -0.005 -29"><span class='ocrx_word' id='word_1_267' title='bbox 235 4227 312 4295; x_wconf 87' lang='lat' dir='ltr'><strong>in</strong></span> <span class='ocrx_word' id='word_1_268' title='bbox 353 4222 815 4311; x_wconf 80' lang='lat' dir='ltr'><strong>contrarium</strong></span> <span class='ocrx_word' id='word_1_269' title='bbox 863 4222 1009 4295; x_wconf 82' lang='lat' dir='ltr'><strong>diei</strong></span> <span class='ocrx_word' id='word_1_270' title='bbox 1051 4242 1347 4324; x_wconf 83' lang='lat' dir='ltr'><strong>possent</strong></span> <span class='ocrx_word' id='word_1_271' title='bbox 1388 4222 1694 4298; x_wconf 77' lang='lat' dir='ltr'><strong>forsitan</strong></span> <span class='ocrx_word' id='word_1_272' title='bbox 1747 4237 1906 4310; x_wconf 76' lang='lat' dir='ltr'><strong>aeta</strong></span> <span class='ocrx_word' id='word_1_273' title='bbox 1959 4242 2157 4308; x_wconf 78' lang='lat' dir='ltr'><strong>esse,</strong></span> <span class='ocrx_word' id='word_1_274' title='bbox 2219 4233 2291 4288; x_wconf 83' lang='lat' dir='ltr'><strong>et</strong></span> <span class='ocrx_word' id='word_1_275' title='bbox 2371 4215 2430 4286; x_wconf 84' lang='lat' dir='ltr'><strong>si</strong></span> 
     </span>
    </p>
   </div>
   <div class='ocr_carea' id='block_1_3' title="bbox 1698 4355 1729 4368">
    <p class='ocr_par' dir='ltr' id='par_1_3' title="bbox 1698 4355 1729 4368">
     <span class='ocr_line' id='line_1_36' title="bbox 1698 4355 1729 4368; baseline 0 -3"><span class='ocrx_word' id='word_1_276' title='bbox 1698 4355 1729 4368; x_wconf 44' lang='grc' dir='ltr'><strong>ς</strong></span> 
     </span>
    </p>
   </div>
  </div>
 </body>
</html>
