2926 4849
2176 420 2327 530 su

245 623 609 705 haberent
639 626 976 710 metales.‹
1011 627 1301 722 Quibus
1343 627 1683 735 percepit
1724 625 1883 730 ipse
1922 626 2193 708 Comes
2236 627 2439 706 Mat-

246 735 433 812 thias
461 735 949 812 commisisset
968 762 1061 813 eo
1095 734 1363 831 modo,
1396 752 1476 811 vt
1506 732 1818 840 praefati
1854 733 2171 814 Thomas
2195 752 2273 814 et
2305 740 2433 814 Jo-

251 837 537 919 hannes
578 841 811 918 dictas
847 868 1111 920 eorum
1167 842 1409 919 literas
1465 842 1807 937 metales,
1882 842 1962 916 in
2022 842 2437 949 praemissis

239 948 619 1026 confectas
707 966 967 1027 eontra
1063 952 1263 1056 ipsos
1350 950 1865 1054 Praepositum
1946 964 2021 1023 et
2119 950 2438 1056 Capitu-

243 1053 398 1134 lum
442 1057 517 1131 in
555 1058 836 1132 octauis
874 1055 1071 1133 Festi
1111 1057 1311 1133 Beati
1348 1053 1728 1131 Michaelis
1766 1049 2205 1158 Archangeli
2255 1072 2435 1133 tunc

236 1163 572 1237 venturis
637 1188 811 1239 cum
873 1160 1324 1269 deponendo
1369 1163 1413 1236 J
1418 1161 1672 1240 udicio
1734 1163 1959 1238 trium
2011 1157 2431 1241 marcarum

235 1264 589 1344 exhibere
654 1284 1104 1348 tenerentur.
1182 1274 1252 1347 A
1303 1339 1308 1346 ,
1340 1267 1614 1373 quihus
1698 1265 2005 1373 quidem
2087 1270 2369 1346 oetauis
2400 1323 2427 1365 ,

229 1372 418 1449 dum
458 1371 827 1456 dictarum
861 1375 1240 1455 literarum
1282 1373 1663 1452 metalium
1693 1373 2048 1451 exhibitio
2093 1392 2427 1453 nostram

227 1483 1194 1678 mezffimfffltffl
1234 1467 2101 1666 ⁹35⁸st
2155 1507 2424 1667 “⁰⁰¹3

220 1713 649 1798 praesentes
687 1617 1817 1801 octaggll'estximgpipssnignm
1845 1617 2420 1773 Bomigrussge-

221 1803 451 1879 nisset
474 1857 495 1892 ,
525 1801 704 1906 ipsis
735 1801 1098 1905 siquidem
1137 1802 1423 1896 octaujs
1444 1799 2013 1882 aduenientibus
2049 1805 2413 1906 praescri·

218 1924 396 2012 ptus
424 1907 778 2011 Magister
819 1910 1140 1987 Thomas
1184 1936 1332 2014 pro
1363 1912 1541 2013 ipsis
1580 1907 2015 2014 Praeposito
2055 1924 2132 1984 et
2184 1909 2422 2014 Capi-

218 2015 381 2091 tulo
415 2041 588 2092 cum
630 2017 1158 2118 procuratoriis
1206 2015 1438 2114 literis
1491 2012 1829 2093 eiusdem
1887 2011 2210 2118 Capituli
2260 2037 2425 2092 no-·

213 2138 445 2199 stram
485 2121 854 2204 veniendo
898 2124 976 2200 in
1017 2121 1511 2228 praesentiam
1549 2120 1915 2226 praefatas
1955 2119 2203 2202 literas
2238 2146 2416 2198 me·-

213 2229 397 2305 tales
429 2225 786 2323 exhibere
819 2228 1222 2336 postulauit
1254 2255 1389 2333 per
1409 2231 1490 2304 in
1530 2253 1825 2304 causam
1866 2239 2220 2305 attractos
2271 2255 2407 2305 an·

211 2331 548 2413 tedictos.
606 2335 782 2427 Quo
820 2354 1180 2445 percepto
1215 2334 1457 2413 Lucas
1493 2333 1587 2411 de
1621 2331 2040 2439 Horwathy
2071 2360 2218 2441 pro
2239 2333 2407 2442 ipso

210 2440 503 2523 Thema
539 2459 615 2519 et
645 2444 978 2539 Joanne,
1029 2467 1207 2529 cum
1265 2444 1802 2549 procuratoriis
1840 2440 2070 2518 literis
2124 2443 2400 2519 nostris

207 2566 546 2631 nostram
567 2549 1008 2653 exurgendo
1038 2550 1118 2626 in
1164 2549 1688 2655 praesentiam,
1742 2546 2101 2654 quasdam
2145 2546 2399 2645 literas

206 2655 552 2731 antedicti
590 2656 910 2759 Capituli
957 2654 1332 2753 Ecclesiae
1376 2652 1908 2762 strigoniensis
1955 2654 2413 2762 priuilegia-'
2501 2732 2517 2747 ,

204 2759 315 2839 les
350 2764 427 2837 in
455 2765 740 2839 octauis
768 2760 938 2841 festi
974 2763 1185 2840 Beati
1213 2763 1526 2868 Georgii
1561 2763 1963 2865 Martyris,
1991 2760 2215 2839 Anno
2249 2761 2400 2838 Do·

203 2868 395 2945 mini
417 2868 1073 2948 MCDXXXVHI.
1103 2886 1479 2947 emanatas
1509 2868 1731 2947 nobis
1755 2869 2251 2973 praesentauit
2273 2865 2411 2954 de·-⁸

205 2975 740 3067 obmutessV.
799 2974 892 3053 ad
956 3004 1077 3052 an.
1141 2976 1406 3071 1338).
1465 2971 1759 3067 Quibus
1815 2973 2120 3080 quidem
2163 2975 2397 3053 literis

199 3080 433 3187 ipsius
482 3082 810 3186 Capituli
866 3081 1237 3163 Ecclesiae
1290 3080 1818 3186 strigoniensis
1865 3083 2393 3187 praesentatis,

199 3192 380 3292 qaia
415 3206 811 3269 annotatus
846 3184 1197 3294 Magister
1229 3185 1550 3268 Thomas
1568 3184 1947 3293 Thompa,
1979 3178 2448 3285 antedictos}

199 3294 576 3372 Dominos
590 3294 1031 3374 Michaelem
1065 3297 1573 3402 Praepositum
1601 3312 1684 3371 et
1702 3290 2126 3401 Capitulum
2155 3294 2235 3369 in
2262 3319 2388 3371 re·

199 3399 616 3489 etifiesndis
643 3401 862 3481 dictis
902 3406 1118 3489 metis
1148 3404 1399 3512 tenori
1445 3420 1526 3479 et
1555 3396 1843 3480 formae
1890 3402 2387 3507 praescripta-

189 3534 366 3587 rum
403 3507 790 3595 literarum
822 3511 1205 3588 metalium
1237 3508 1675 3589 submittere
1721 3533 1800 3585 se
1843 3507 2037 3587 velle
2087 3532 2385 3613 propo-

185 3614 421 3693 nebat
434 3666 463 3704 ,
501 3613 829 3721 ideoque
846 3615 1131 3723 absque
1147 3616 1734 3697 reambulatione
1756 3631 1833 3692 et
1852 3613 2227 3711 reuisione
2259 3639 2384 3691 ea-

182 3722 538 3802 rumdem
567 3741 936 3801 metarum
977 3741 1222 3830 partes
1257 3712 1455 3802 inter
1498 3718 1915 3831 praedictas
1961 3739 2381 3826 congruum

181 3828 544 3911 iudicium
569 3830 814 3907 facere
849 3856 1004 3906 non
1046 3844 1502 3935 poteramus,
1535 3855 1679 3935 pro
1703 3852 1801 3907 eo
1841 3844 2162 3931 vestram
2193 3827 2377 3905 ami·

184 3933 441 4015 citiam
476 3936 988 4040 praesentibus
1027 3938 1343 4042 petimus
1377 3935 1774 4039 diligenter
1795 3990 1819 4028 ,
1850 3950 2216 4037 quatenus
2251 3959 2372 4011 ve·

179 4059 424 4121 amm
453 4043 753 4123 mittatis
784 4042 1165 4127 hominem
1200 4068 1346 4147 pro
1381 4040 1805 4121 testimonio
1841 4038 1985 4127 fide
2016 4039 2320 4145 dignum
2339 4098 2365 4135 ,

178 4150 463 4253 quibus
500 4151 1012 4253 praesentibus
1049 4149 1380 4255 Magistri
1408 4148 1678 4227 Paulus
1712 4147 1806 4226 de
1845 4148 2215 4239 Keiiwar,
2272 4176 2367 4223 an

181 4256 459 4336 Joanes
497 4253 593 4336 de
627 4257 859 4336 Zele6
881 4313 905 4351 ,
941 4276 1067 4337 sut
1109 4257 1545 4336 Laut-eutius
1582 4250 1676 4336 de
1716 4254 1996 4351 Chilan,
2028 4253 2142 4334 sin
2186 4253 2364 4332 Pau·
