2926 4849
694 440 843 529 8'96

584 668 1123 769 rogator-iarum
1158 664 1445 766 paritet·
1479 680 1554 740 et
1594 652 2114 756 sesaminum,
2167 684 2404 765 super
2455 659 2763 764 quadam

585 799 848 865 causa,
925 772 1152 848 literis
1228 774 1304 845 in
1383 771 1660 847 eisdem
1737 786 2118 862 contenta,
2204 766 2763 855 confectarum,

582 880 958 984 quoddam
1018 878 1408 954 arbitrium
1457 895 1634 954 octo
1677 879 2087 981 proborum
2134 889 2214 951 et
2258 873 2653 950 nobilium
2687 880 2765 950 vi·

581 1011 846 1063 rorum
890 990 1082 1061 inter
1117 1004 1361 1088 partes
1398 986 1888 1090 praescriptas
1926 986 2000 1056 in·
2044 982 2531 1086 possessione
2572 1009 2764 1085 prae·

582 1093 712 1168 sati
740 1090 1099 1196 Stephani
1139 1093 1195 1164 F
1196 1120 1292 1192 yr
1322 1111 1619 1187 vocata,
1676 1111 1947 1168 octauo
1989 1088 2123 1165 dier
2147 1088 2323 1164 festi
2368 1090 2593 1166 Beati
2636 1091 2764 1164 Mi-

580 1197 859 1276 chaelis
890 1198 1332 1300 Archangeli
1373 1200 1534 1274 fieri
1574 1217 1652 1275 et
1692 1198 2058 1275 celebrari
2108 1195 2552 1292 debuisset3
2612 1214 2764 1271 tunc

581 1305 765 1382 dicti
825 1322 999 1381 octo
1047 1307 1271 1409 probi
1322 1323 1402 1381 et
1447 1304 1761 1382 Nobiles
1815 1308 1956 1383 viri
2014 1303 2324 1386 arbitri,
2386 1330 2546 1405 per
2595 1309 2766 1407 ipsos

582 1413 992 1515 aequaliter
1031 1413 1290 1502 electi,
1345 1413 1421 1487 in
1474 1412 1858 1518 praedicto
1891 1428 2161 1487 octauo
2206 1409 2335 1484 die
2376 1411 2576 1486 festi
2608 1414 2762 1486 Bea-

582 1521 642 1596 ti
716 1517 1099 1594 Michaelis
1165 1518 1633 1619 Archangeli
1679 1521 1755 1594 in
1818 1519 2012 1594 dicta
2082 1518 2583 1621 possessione
2640 1517 2766 1617 F5r

582 1629 1185 1729 comparuissent,
1239 1626 1590 1729 ipsosque
1631 1625 1870 1702 taliter
1911 1622 2361 1701 concordari
2400 1621 2773 1710 feciment,

583 1733 792 1839 quod
832 1732 1227 1838 praemissa
1263 1732 1432 1825 lite,
1489 1757 1624 1808 seu
1657 1760 1872 1808 causa
1908 1758 2134 1836 super
2174 1732 2774 1807 reambulatione

579 1858 947 1918 metarum
990 1840 1470 1943 possessionis
1505 1836 1754 1917 Archa
1787 1839 2074 1934 dictae,
2130 1838 2525 1914 Ecclesiae
2581 1838 2776 1913 Beati

578 1949 806 2049 Regis
846 1945 1204 2051 Stephani
1236 1962 1463 2033 mota,
1519 1942 1593 2020 in
1640 1947 2037 2051 praedictis
2077 1944 2345 2019 Literis
2399 1945 2602 2020 dicti
2632 1947 2778 2019 Do·

504 2086 508 2097 ’
580 2055 765 2128 mini
784 2052 1112 2148 Palatini,
1167 2071 1244 2128 et
1281 2070 1700 2129 nostrarum
1745 2053 2263 2130 relatoriarum
2300 2052 2596 2126 exinde
2621 2076 2776 2124 con·

571 2159 941 2237 sectarum
995 2178 1384 2249 contenta,
1466 2161 1665 2236 inter
1717 2162 1918 2261 ipsos
1983 2160 2245 2263 sopiri,
2320 2157 2635 2249 sedari,
2707 2177 2775 2232 et

582 2264 1077 2342 condescendi
1112 2265 1500 2360 fecissent,
1554 2268 1678 2341 tali
1720 2269 1971 2358 modo,
2024 2285 2104 2340 vt
2139 2264 2615 2369 praelibatus
2636 2265 2770 2339 Ma·

584 2376 813 2480 gister
865 2372 1192 2449 Thomas
1268 2373 1715 2479 Praeceptor
1796 2375 1985 2449 duos
2052 2399 2148 2450 ex
2223 2372 2769 2478 Jobagionibus

581 2478 898 2586 praefati
935 2480 1288 2587 Stephani
1322 2498 1398 2558 et
1429 2507 1733 2558 suorum
1777 2471 2111 2556 Fratrum
2154 2479 2763 2586 praedictorum,

582 2590 663 2662 in
700 2587 910 2662 dicta
945 2591 1405 2691 possessione
1435 2614 1698 2664 eorum
1739 2590 1887 2690 Fyr'
1919 2605 2408 2663 commorant.
2452 2605 2641 2691 pum
2670 2586 2763 2658 E-

582 2693 890 2797 gydium
946 2709 1022 2768 et
1084 2694 1522 2795 Dionysium
1573 2695 1809 2772 libere
1858 2696 2187 2798 elegisset
2205 2722 2227 2790 3
2281 2720 2327 2769 e
2394 2718 2763 2770 conuerso

578 2816 828 2876 autem
880 2796 1253 2901 praefatus
1310 2797 1770 2905 Stephanus,
1846 2802 2031 2877 filius
2098 2800 2343 2896 Pauli,
2430 2799 2630 2875 duos
2683 2824 2763 2874 ex

579 2906 1117 3010 Jobagionibus
1170 2907 1481 3011 praefati
1520 2910 1850 3011 Magistri
1887 2907 2214 2984 Thomae
2254 2908 2763 3012 praeceptoris

585 3029 661 3092 et
703 3019 817 3090 sui
836 3014 1291 3108 Conuentus,
1345 3017 1422 3089 in
1462 3022 1931 3121 possessione
1969 3041 2234 3091 eorum
2269 3012 2532 3090 Archa
2571 3040 2767 3119 prae·

584 3121 782 3210 dicta
824 3120 1279 3213 residentes,
1332 3120 1680 3200 videlicet
1714 3125 2024 3201 Paulum
2067 3138 2149 3199 et
2180 3123 2577 3225 Geor-gum
2603 3178 2628 3216 ‚
2670 3124 2767 3196 ai·

585 3227 856 3305 militer
888 3227 1124 3303 libere
1161 3225 1534 3330 elegisset,
1593 3247 1667 3306 et
1705 3256 1876 3306 cum
1911 3229 2123 3305 dictis
2160 3243 2497 3334 quatuor
2527 3226 2767 3303 homi-
2864 3265 2866 3304 ι

583 3332 846 3430 nibus,
936 3332 1515 3440 iobbagionihus
1581 3337 1864 3414 scilicet
1935 3332 2326 3412 ambarum
2399 3339 2763 3440 partium,
2864 3323 2866 3332 ’

477 3517 484 3526 κ
584 3442 1077 3517 iuramentum
1124 3465 1540 3546 superfeo,
1600 3440 1984 3547 quomodo
2034 3443 2182 3547 ipsi
2231 3459 2473 3518 metas
2525 3439 2757 3517 dicta·
2864 3443 2866 3456 '

580 3575 747 3624 rum
783 3548 1325 3653 possessionum
1370 3546 1617 3623 Archa
1644 3606 1665 3642 ‚
1721 3553 1951 3654 ipsius
1987 3549 2508 3654 Praeceptoris
2540 3566 2617 3622 et
2642 3547 2748 3620 sui

571 3649 1007 3732 'Conuentus
1033 3712 1053 3740 ,
1111 3673 1187 3730 et
1222 3655 1280 3728 F
1276 3683 1373 3757 yr
1401 3654 1587 3731 tlicti
1621 3654 2015 3761 Stephani,
2070 3653 2487 3750 filiiPauli,
2543 3672 2613 3729 et
2644 3679 2751 3726 su·

580 3787 801 3839 orum
840 3761 1184 3838 Fratrum
1208 3817 1226 3844 .
1284 3759 1409 3837 vbi
1443 3775 1520 3836 et
1549 3765 1626 3838 in
1659 3791 1814 3867 quo
1846 3764 2017 3841 loco
2052 3765 2436 3856 steterint,
2494 3785 2759 3836 secun-

581 3869 765 3947 dum
838 3895 1094 3946 cursus
1151 3868 1515 3945 dictarum
1583 3860 1948 3948 metarum
2004 3872 2186 3975 ipsis
2244 3870 2590 3976 partibus
2654 3892 2760 3942 re-

579 3975 1096 4070 ostenderent,
1167 3992 1390 4081 prout
1434 3980 1662 4055 moris
1719 3993 1873 4071 est,
1951 3977 2332 4081 deponere
2386 3978 2468 4050 in
2528 3993 2756 4055 terra.

580 4082 857 4189 deponi
897 4082 1263 4175 fecissent,
1323 4077 1649 4190 dictique
1681 4075 2007 4190 quatuor
2038 4084 2372 4162 homines
2407 4082 2522 4159 sic
2552 4108 2757 4188 prae·

581 4192 760 4268 stito
814 4209 888 4269 ct
946 4190 1284 4297 deposito
1336 4190 1795 4288 iuramento,
1866 4209 2099 4270 metas
2153 4191 2521 4270 dictarum
2580 4213 2753 4293 pos·
