2926 4849
2158 490 2308 563 407

222 699 628 776 Beatorum
704 693 911 774 Petti
984 710 1062 772 et
1128 693 1334 772 Pauli
1392 694 1984 800 Apostolorum,
2025 755 2030 760 ,
2073 701 2418 802 proxime

219 808 670 927 praeterito,
741 803 818 875 in
868 804 1329 906 possessione
1383 803 1613 896 linat,
1681 828 1810 878 ac
1829 804 2163 906 secundo
2226 803 2415 882 feria
2497 819 2514 830 f

218 915 441 990 tertia
471 913 546 986 in
583 908 899 998 Ciuitate
939 908 1468 1012 Soproniensi‚
1523 908 1853 1010 denique
1897 915 2130 988 tercio
2187 927 2267 987 et
2316 913 2417 990 vl.-

222 1021 410 1100 timo
455 1017 638 1092 feria
674 1016 956 1116 quinta
980 1020 1325 1120 proxima
1380 1016 2010 1117 subsequentibus
2056 1019 2284 1115 foris,
2340 1021 2420 1094 in

114 1137 125 1145 ’
219 1124 510 1229 oppido
552 1121 941 1224 Chepregh
990 1123 1411 1208 Dominum
1440 1124 1768 1204 Fratrem
1819 1123 2208 1200 Nicolaum
2268 1117 2421 1214 Ab·
2461 1179 2468 1190 .

224 1231 479 1318 batem
521 1232 617 1307 de
658 1229 1273 1324 Borsmonpstra‚
1328 1230 1410 1306 in
1447 1230 1557 1306 his
1599 1256 1792 1331 quae
1832 1232 1906 1306 in
1950 1234 2297 1336 praefatis
2333 1231 2420 1306 li-

224 1341 407 1415 teris
446 1339 1034 1443 proclamatoiiis
1073 1336 1251 1414 dicti
1296 1339 1603 1415 Comitis
1648 1336 1996 1415 Matthaei
2033 1338 2142 1414 de
2167 1341 2427 1416 Palocz

226 1446 755 1534 continentur,
810 1440 1326 1519 definitionem
1359 1471 1613 1548 recep.
1667 1471 1758 1522 ac
1803 1443 1897 1521 de
1948 1445 2237 1522 iudiciis
2298 1450 2427 1522 tri·

216 1553 433 1656 ginta
469 1570 764 1656 septem
801 1575 1215 1625 marcarum
1252 1550 1502 1627 Judici
1546 1570 1621 1626 et
1670 1553 1861 1656 parti
1911 1549 2265 1630 aduersae
2323 1580 2426 1629 sa·
2470 1585 2473 1592 ·

230 1659 698 1735 tisfaeturum
720 1676 980 1733 contra
1002 1675 1269 1732 auriota
1281 1674 1390 1732 tos
1410 1657 1864 1762 Stephanum
1885 1677 1957 1734 et
1977 1657 2427 1749 Ladislaum,

230 1765 426 1842 filios
483 1766 899 1856 Michaelis,
990 1783 1065 1839 et
1116 1765 1613 1867 Gregorium‚
1699 1764 1927 1858 filium
1981 1764 2272 1841 Nicolai
2335 1766 2428 1845 de

230 1870 558 1948 WVelche
582 1927 603 1966 ‚
636 1872 729 1956 ad
764 1879 1062 1946 octauas
1085 1868 1245 1946 festi
1286 1873 1497 1947 Beati
1539 1872 1801 1948 Jacobi
1835 1872 2189 1974 Apostoli
2226 1902 2430 1950 nunc

228 1996 629 2071 venturas,
687 1999 927 2054 vestre
966 2019 1077 2034 -
1112 2017 1212 2033 ·-
1256 1981 1333 2052 in
1364 1980 1814 2082 presentiam
1848 1978 2146 2083 publice
2171 1997 2248 2054 et
2285 2010 2433 2057 ma-

226 2085 498 2161 nifeste
550 2084 1346 2188 fecissetproclamari.
1439 2083 1888 2162 Insinuando
1942 2084 2228 2163 ibidem
2261 2141 2288 2183 ‚
2343 2105 2427 2163 vt

224 2195 287 2270 si
320 2194 398 2266 in
444 2193 820 2292 premissis
854 2192 1396 2270 discussionem
1437 2211 1514 2267 et
1551 2189 2171 2269 deliberationem
2220 2223 2427 2290 rece-

222 2300 472 2404 perit,
526 2299 621 2373 de
661 2299 1032 2402 dictisque
1065 2293 1374 2373 Judiciis
1412 2300 1459 2372 J
1465 2299 1663 2375 udici
1704 2318 1782 2376 et
1829 2302 2018 2402 parti
2072 2323 2428 2378 aduersae

220 2406 730 2497 satisfaceret,
816 2406 1016 2483 bene
1067 2403 1423 2500 quidem,
1498 2406 2034 2509 alioquin-non
2089 2406 2429 2485 obstante

223 2516 456 2620 ipsius
495 2515 867 2608 absentia,
926 2532 1001 2588 et
1047 2511 1504 2603 rebellione,
1563 2514 1759 2589 idem
1789 2514 2034 2590 Judex
2072 2517 2321 2593 curiae
2359 2518 2435 2591 fi-

218 2647 401 2696 nem
431 2621 767 2696 debitum
810 2637 885 2693 et
928 2620 1314 2697 indilatum
1365 2619 1590 2699 faciet
1639 2642 2060 2697 causarum
2084 2624 2162 2699 in
2216 2652 2429 2729 prae-

216 2728 503 2819 missis,
561 2747 786 2831 prout
818 2728 1214 2803 dictaueiit
1249 2729 1495 2805 ordo
1474 2729 1677 2805 iuris.
1735 2729 2012 2804 Datum
2050 2747 2260 2804 sexta
2305 2731 2425 2804 die

213 2832 372 2910 diei
414 2836 709 2911 vltimne
739 2837 1336 2940 proclamationis
1380 2853 1877 2935 praenotatae.
1916 2837 2138 2912 Anno
2177 2839 2426 2913 Domi-

212 2942 300 3016 ni
334 2941 731 3019 Millesimo
756 2999 778 3036 ‚
833 2941 1616 3046 quadringentesimo,
1673 2944 2056 3046 trigesimo
2104 2946 2421 3020 terci0.“

215 3047 446 3133 L-S.

286 3180 399 3243 ‚Ex
429 3173 687 3243 archim
719 3166 1039 3241 camerali.

212 3503 543 3563 Contentus
580 3498 644 3549 dc
678 3493 874 3549 ,δεῖσαι
906 3497 1054 3568 Regi
1086 3497 1441 3570 sigismundo
1468 3534 1487 3559 ,
1523 3492 1733 3579 liugas
1766 3494 1959 3567 ipsius
1988 3497 2195 3569 absquo
2237 3501 2414 3553 sacis-

394 3588 691 3661 facn‘onis
726 3586 929 3654 efficta
963 3589 1279 3646 mansisse,
1319 3586 1511 3657 reflere-
1548 3585 1613 3639 A.
1655 3583 1815 3640 1433.

415 3699 1046 3775 Excellentissimo
1085 3697 1466 3773 Domino
1447 3722 1780 3800 ipsorum
1832 3680 2153 3772 Domino
2191 3696 2412 3799 Sigis-

208 3806 500 3883 mundo
541 3809 677 3881 Dei
726 3809 955 3906 gratia
1000 3807 1508 3880 Romanorum
1553 3830 1850 3907 semper
1889 3756 2321 3909 Augusto?
2317 3830 2409 3878 ae

216 3917 646 4017 Hungariv,
749 3914 1160 4001 Dalmacie,
1237 3911 1552 3986 Croacie
1602 3927 1746 3987 eto.
1822 3911 2008 4014 Regi
2063 3902 2412 3986 Nicolaus

217 4023 699 4126 praepositus
746 4037 821 4095 et
865 4024 1296 4095 conuentus
1343 4016 1668 4093 Ecclesie
1707 4015 1978 4093 Sancte
2022 4017 2278 4091 Crucis
2317 4018 2410 4092 d'e

219 4129 452 4205 Lelez
494 4132 878 4204 oraciones
919 4131 989 4199 in
1030 4127 1359 4201 Domino
1388 4150 1527 4228 pro
1561 4125 1787 4226 ipsius
1835 4126 1978 4198 vita
2022 4124 2339 4224 pariter
2340 4140 2418 4200 et

220 4235 482 4311 salute.
548 4235 830 4311 Literas
876 4253 1162 4309 vestiae
1206 4234 1638 4309 Seieuitat'is
1677 4260 1818 4337 pro
1885 4248 2094 4335 parte
2154 4231 2428 4335 proui-

342 4344 558 4418 Tom.
617 4346 716 4419 X.
776 4341 943 4417 Vol.
997 4341 1147 4417 Vll.
1940 4342 2038 4410 32
