2926 4849
2016 391 2165 465 ⁷⁶⁷

43 616 316 696 penes
370 616 597 697 quem
648 545 1051 698 utrumque
1102 618 1239 698 par
1298 592 1539 701 Sigilli
1595 593 1831 679 nostri
1867 587 2293 699 authentici

42 697 538 791 habebatur,
594 715 672 777 et
720 700 977 787 Virum
1040 698 1516 804 Magnificum
1565 702 1963 786 Nicolaum
1998 704 2270 791 *Konth

41 806 533 891 Palatinum.
610 831 776 883 cum
839 808 1152 885 caeteris
1222 807 1616 900 Praelatis,
1667 834 1757 897 ac
1812 809 2268 903 Baronibus‚

40 940 166 988 nc
187 912 431 1015 Regni
460 911 897 993 Proceribus
929 914 1006 989 in
1032 913 1348 997 Vsuram
1368 911 1924 1009 destinaremus,
1957 914 2267 1018 quidam

48 1018 552 1095 familiarium
607 1020 840 1123 ipsius
903 1017 1206 1097 Domini
1253 1017 1872 1125 Archi-Episcopi
1930 1048 2075 1124 pro
2123 1050 2267 1100 cu-

47 1124 322 1204 stodia
361 1124 692 1229 deputati
734 1144 1137 1229 utrumque
1183 1153 1320 1229 par
1360 1125 1598 1230 sigini
1637 1127 1871 1203 nostri
1911 1153 2268 1231 praecon-

55 1251 304 1337 cepta
363 1231 631 1308 malitia
674 1232 1221 1309 subtraxerunt.
1309 1232 1467 1307 Nos
1518 1233 1769 1336 itaque
1806 1259 2266 1337 praecaven-

57 1358 234 1437 tes,
292 1366 386 1412 ne
433 1366 528 1414 ex
572 1337 994 1427 huiusmodi
1015 1338 1256 1442 Sigilli
1293 1342 1524 1415 nostri
1574 1340 2088 1443 deperditione
2114 1344 2270 1418 Re-

50 1445 389 1549 gnicolis
429 1449 506 1520 in
538 1468 803 1522 eorum
843 1443 1148 1521 Juribus
1188 1449 1595 1521 successive
1638 1447 2054 1548 periculum
2094 1473 2270 1552 pos-

57 1556 177 1629 sit
224 1553 657 1647 imminere,
726 1550 1070 1657 Sigillum
1130 1578 1411 1628 novum
1479 1554 1554 1627 in
1593 1551 1910 1629 ‘duobus
1962 1553 2266 1657 paribus
2374 1606 2378 1610 Δ

60 1662 392 1751 fecimus
428 1684 569 1764 pro
623 1657 841 1747 nobis
879 1657 1156 1762 sculpi,
1212 1655 1414 1762 quod
1450 1656 1543 1734 ad
1580 1660 1829 1734 omnia
1876 1657 2266 1765 privilegia

59 1784 377 1857 nostra,
435 1783 510 1841 et
537 1766 854 1842 condam
891 1766 1189 1842 Domini
1210 1763 1458 1858 Caroli
1496 1762 1730 1868 Regis
1763 1765 1996 1842 Patris
2026 1768 2265 1844 nostri
2310 1794 2315 1799 ·

67 1872 498 1961 charissimi
523 1927 545 1966 ,
597 1871 737 1952 sub
769 1873 1008 1978 priori
1041 1869 1304 1976 Sigillo
1347 1869 1679 1959 eiusdem
1712 1890 2262 1976 temporem-tae

64 1981 602 2058 coronationis
653 1980 991 2083 sculpto,
1045 1996 1124 2059 et
1169 1978 1468 2055 demum
1505 2005 1643 2081 per
1695 1977 2061 2073 eundem,
2116 2006 2262 2075 eo,

72 2086 298 2193 quod
326 2086 464 2161 sub
505 2089 668 2191 ipso
708 2083 1073 2189 plurimae
1117 2083 1593 2165 Infidelitates
1633 2103 2099 2190 perpetratae
2124 2112 2262 2167 ‚ex-

71 2196 430 2283 stiterunt
503 2209 843 2296 repertae
927 2207 1396 2293 permutato,
1446 2217 1537 2267 ac
1596 2184 1735 2269 su'b
1795 2190 1940 2268 alio
2003 2188 2263 2296 Sigillo

70 2303 313 2409 ipsius
373 2298 449 2374 in
516 2295 855 2389 Partibus
903 2298 1401 2401 Transalpinis
1450 2298 1830 2383 casualiter
1874 2295 2262 2409 dependito

76 2406 423 2496 confecta
462 2408 662 2483 iuxta
705 2404 897 2479 dicta
935 2408 1074 2490 *tria
1114 2403 1364 2508 sigilla
1399 2401 1879 2490 decrevimus
1917 2402 2079 2484 fore
2115 2433 2264 2511 ap-

76 2514 490 2620 ponenda„
547 2514 640 2589 ad
696 2537 1223 2616 quemcunque
1278 2536 1457 2587 vero
1511 2511 1900 2615 Privilegia
1950 2514 2303 2590 Paterna·

75 2623 303 2700 dictis
340 2619 633 2698 duobus
670 2618 1047 2724 prioribus
1076 2616 1346 2719 Sigillis
1379 2619 1531 2692 suis
1566 2622 2011 2721 consignata,
2068 2646 2265 2723 quae

78 2758 229 2837 per
263 2728 576 2805 eundem
609 2731 897 2802 Patrem
938 2743 1273 2802 nostrum
1307 2752 1443 2826 per
1474 2722 1728 2827 Sigilla
1759 2725 2083 2816 eiusdem
2126 2752 2262 2833 po-

76 2838 441 2922 steriora,
499 2835 614 2924 yel
663 2859 802 2935 per
852 2855 988 2906 nos
1034 2857 1205 2906 cum
1261 2827 1522 2932 sigillo
1561 2848 1815 2906 nostro
1858 2836 2262 2934 praemisso

79 2940 486 3047 deperdito
517 2939 947 3016 confirmata
985 2962 1138 3012 non
1173 2933 1661 3028 haberentur,
1715 2933 1833 3030 vel
1868 2962 2258 3039 quaecun-

83 3077 241 3154 que
289 3066 621 3150 patentes
652 3048 983 3121 Litterae
1023 3058 1315 3118 nostrae
1354 3059 1430 3118 et
1474 3058 1826 3143 paternae
1875 3070 2026 3118 non
2061 3068 2259 3120 con-

86 3161 608 3248 firmarentur,
702 3178 789 3228 ea
863 3148 1247 3252 Privilegia
1313 3166 1387 3223 et
1442 3145 1809 3241 Litterae,
1875 3149 2064 3225 sicut
2125 3174 2264 3252 per

85 3261 409 3340 eundem
450 3263 736 3337 Patrem
786 3274 1124 3334 nostrum
1164 3254 1468 3334 fuerunt
1511 3270 1947 3348 revocatae,
2002 3273 2080 3332 et
2118 3281 2255 3330 an-

90 3368 430 3461 nulatae,
484 3371 588 3442 sic
625 3384 703 3443 et
758 3390 893 3442 nos
930 3365 1166 3466 ipsas,
1222 3387 1354 3437 seu
1395 3363 1559 3467 ipsa
1596 3361 2099 3438 commisimus
2133 3363 2265 3436 vi-

83 3476 308 3553 ribus
347 3476 708 3567 caritura,
764 3469 1190 3573 nullamque
1244 3467 1539 3554 roboris
1576 3453 1970 3544 obtentura
2020 3467 2261 3543 firmi·

85 3600 332 3658 tatem.
427 3583 685 3683 Itaque
755 3602 1099 3682 praesens
1149 3575 1624 3677 Privilegium
1674 3589 2009 3650 nostrum
2056 3572 2266 3652 omni

75 3688 508 3793 suspicione
553 3687 1016 3774 destitutum,
1065 3695 1146 3759 et
1186 3682 1434 3757 omnia
1462 3690 1537 3756 in
1573 3706 1670 3755 eo
1704 3680 2046 3781 superius
2076 3705 2259 3757 con·

82 3809 290 3871 tenta
316 3849 337 3885 ‚
390 3810 468 3870 et
513 3816 903 3896 expressa,
959 3816 1100 3893 pro
1139 3786 1524 3889 praedictis
1579 3783 1920 3863 fidelibus
1951 3784 2263 3861 Civibus

83 3903 360 3978 nostris
411 3899 506 3977 de
550 3896 920 3987 Posonio,
975 3917 1396 3994 eorumque
1456 3888 1959 3985 Haeredibus‚
2011 3916 2266 3995 appo·-

83 4009 361 4084 sitione
420 4006 602 4084 dicti
650 4005 826 4084 novi
880 4000 1122 4105 Sigilli
1170 3997 1413 4076 nostri
1461 4014 1830 4104 perpetuo
1867 3997 2262 4076 valitumm

81 4113 624 4193 confirmamus.
729 4113 998 4189 Datum
1049 4133 1197 4214 *per
1259 4130 1521 4182 manus
1576 4100 1907 4185 eiusdem
1964 4104 2258 4182 Domini
