2926 4849
665 423 840 539 ‘loo'

452 735 479 744 -
560 680 789 782 orgfi,
843 676 1183 755 similiter
1233 677 1572 756 Gombos
1619 676 1716 754 de
1764 674 2342 768 Gombossalva,
2397 693 2475 752 et
2516 675 2769 752 Nico-

549 786 669 859 lao
725 787 877 860 filio
927 787 1236 885 Georgii
1296 786 1472 861 dicti
1531 784 1815 882 Sti-ass,
1872 784 1966 858 de
2020 783 2409 885 Thernye,
2469 809 2623 884 pro
2682 811 2764 860 se
2859 835 2866 842 -

550 893 889 969 similiter
953 892 1486 992 personaliter,
1541 916 1629 967 ec
1686 919 1827 997 pro
1875 890 2270 966 Valentino
2321 909 2398 968 et
2437 892 2764 967 Benedi-

548 1015 675 1075 cto
734 997 894 1074 filiis
954 999 1287 1075 eiusdem
1334 993 1691 1076 Johannis
1731 996 2118 1088 GomboS,
2174 996 2368 1072 idem
2420 997 2761 1074 Joaunes

550 1108 769 1182 Pater
825 1106 1314 1199 eorumdem,
1371 1101 1713 1206 necnon
1763 1106 1980 1179 Gallo
2023 1103 2175 1180 filio
2229 1102 2552 1180 eiusdem
2605 1109 2763 1181 Ni-

549 1210 1037 1305 ministras,
1095 1212 1360 1288 eodem
1410 1213 1725 1288 Nicolao
1781 1212 1998 1286 Patre
2058 1212 2331 1316 ipsius;
2390 1215 2567 1286 item
2629 1214 2760 1289 Ni-

546 1320 758 1414 coho
808 1320 960 1394 fitio
1009 1319 1271 1397 Jacobi
1314 1321 1408 1397 de
1463 1318 1836 1409 Stestaka,
1898 1345 1983 1393 ac
2031 1320 2368 1421 Georgio
2404 1315 2556 1399 filio
2598 1319 2758 1395 Jo-

546 1430 751 1502 annis
797 1425 892 1500 de
939 1428 1389 1522 Janostaka,
1430 1427 1773 1502 Johanne
1809 1443 1886 1500 et
1929 1423 2288 1519 Nicola0‚
2344 1425 2514 1503 filiis
2563 1425 2755 1514 Pau·

545 1534 638 1624 li,
692 1531 978 1617 Thoma
1021 1532 1181 1610 filio
1214 1533 1569 1610 Johannis
1605 1556 1692 1608 ac
1730 1528 2005 1607 Mathia
2036 1551 2112 1609 et
2147 1531 2532 1614 Ladistao,
2575 1531 2754 1612 filiis

543 1639 877 1716 eiusdem
917 1638 1286 1736 Thomae,
1343 1667 1671 1722 necnon
1718 1637 2066 1734 Andr-ea,
2124 1636 2278 1713 filio
2319 1641 2608 1742 Gaspar
2651 1640 2752 1718 de

541 1746 737 1822 dicta
778 1749 1171 1846 Thernye‚
1227 1749 1595 1824 vniuersis
1636 1748 1858 1820 etiam
1897 1749 2055 1823 aliis
2093 1765 2169 1826 et
2208 1747 2512 1849 singuiis
2550 1744 2750 1840 filiis,

509 1853 939 1944 ·sratribus,
998 1856 1208 1958 prox‘
1296 1857 1397 1946 is,
1453 1873 1529 1931 et
1563 1857 2056 1959 generationis
2103 1881 2362 1936 eorum
2417 1853 2749 1948 homini·

544 1957 701 2037 bus
737 1961 832 2035 de
883 1986 1156 2064 genero
1279 1962 1537 2038 hekele
1596 1961 1824 2054 natiS,
1898 1978 1975 2036 et
2030 1960 2458 2052 nascendis,
2542 1987 2750 2063 quos

364 2085 370 2092 ·
460 2075 463 2078 ’
540 2069 1433 2170 infrascriptum'tangere
1469 2067 1943 2172 dignoscetur
1982 2068 2414 2172 negotium,
2469 2068 2749 2142 simiti-

542 2192 657 2249 ter
706 2201 933 2249 onera
980 2192 1055 2250 et
1112 2175 1493 2279 quaeiibet
1533 2176 1959 2278 grauamina
1998 2201 2262 2250 eorum
2310 2173 2401 2248 ad
2450 2177 2746 2264 subno-

539 2298 761 2354 tatam
817 2281 1362 2360 confessionem
1427 2284 1905 2372 inconcusse,
1950 2281 2310 2375 -inibate,
2365 2298 2444 2357 et
2497 2283 2745 2355 inuio·

498 2387 862 2480 ‚labiliter
909 2387 1451 2466 obseruandam
1517 2415 1654 2493 per
1723 2387 1973 2465 omnia
2027 2387 2102 2463 in
2166 2413 2248 2465 se
2305 2389 2745 2493 recipienti-e

535 2492 716 2586 bns,
774 2490 1025 2570 corani
1062 2497 1280 2572 nobis
1333 2500 1788 2585 constitutis,
1847 2524 1984 2599 per
2023 2488 2325 2572 eosdem
2362 2499 2738 2573 Joannem

393 2594 413 2615 ‘
534 2598 773 2676 filium
813 2600 1199 2677 Benedicti
1244 2604 1498 2689 anar
1535 2616 1610 2679 et
1647 2602 2034 2680 Simonem
2069 2602 2304 2685 filium
2346 2602 2613 2680 Jacobi
2642 2604 2737 2678 si-

532 2707 807 2781 militer
861 2708 1118 2782 Zudar
1168 2710 1262 2783 de
1329 2710 1624 2805 Dinoni,
1685 2712 1849 2785 viua
1896 2735 2123 2800 voce,
2180 2728 2735 2835 spontaneaque

531 2840 799 2891 eorum
849 2814 1230 2891 voluntate
1264 2817 1694 2894 confessum
1732 2821 1975 2893 extitit
2007 2837 2242 2893 nostri
2284 2818 2355 2889 in
2392 2846 2734 2918 praesen-

535 2926 631 2997 tia
680 2922 957 3022 pariter
996 2940 1073 2998 et
1116 2924 1467 3020 relatum3
1509 2923 1711 3026 quod
1750 2916 2203 3028 quamquem
2252 2924 2565 3027 praefati
2608 2925 2731 2999 Jo-

533 3055 761 3135 annes
808 3029 1143 3105 Gombos
1177 3058 1261 3105 ac
1311 3032 1662 3107 Nicolans
1708 3031 1953 3135 Sti-as,
2010 3051 2085 3107 et
2125 3030 2241 3106 alii
2293 3034 2731 3135 praenomi-

529 3137 682 3225 nati
718 3136 1013 3217 Fratres
1061 3137 1499 3215 eorumdem
1536 3139 2125 3240 generationales
2165 3158 2243 3213 et
2271 3138 2728 3217 conditiona-

529 3243 639 3317 les
697 3242 1123 3346 degenere
1177 3245 1539 3346 praedicti
1583 3246 1945 3337 Thekele,
2002 3250 2201 3347 ipsos
2250 3247 2545 3322 scilicet
2585 3248 2726 3324 Jo-

528 3373 797 3463 aunem
832 3405 855 3442 ,
912 3348 1299 3427 Simonem
1322 3407 1346 3447 ,
1402 3371 1481 3429 et
1518 3352 1881 3429 Jacobum
1919 3353 2153 3428 dictos
2197 3353 2452 3430 Zudar
2489 3357 2722 3431 ratio-

525 3480 625 3530 ne
718 3474 795 3530 et
880 3476 1265 3558 praetextu
1347 3460 1823 3561 possessionis
1897 3462 2234 3565 ipsorum
2312 3462 2720 3562 Zemelnye

535 3555 892 3663 (Smiino)
959 3583 1264 3640 vocatae
1317 3590 1486 3643 cum
1537 3568 1861 3671 antiquis
1917 3571 2128 3663 metis
2183 3565 2571 3659 eiusdem,
2654 3570 2721 3642 in

536 3672 747 3784 cuius
778 3673 990 3747 metis
1036 3671 1376 3749 Castrum
1417 3671 1907 3774 Makawycha
1951 3673 2373 3771 haberetur,
2429 3703 2518 3750 ac
2557 3703 2723 3780 per·

536 3774 866 3852 tinentiis
911 3777 1238 3853 eiusdem
1294 3783 1773 3882 possessionis
1812 3783 2219 3882 Zemeinye
2263 3801 2337 3856 et
2378 3784 2617 3858 Casti-i
2651 3785 2721 3855 in

537 3882 913 3959 Comitatu
959 3883 1053 3959 de
1095 3883 1320 3960 Saros
1354 3889 1869 3978 existentium,
1929 3907 2004 3962 et
2036 3885 2458 3967 habitorum
2509 3893 2586 3964 in
2633 3889 2723 3962 li·-

541 4002 691 4063 tem
735 4012 814 4064 et
863 4016 1159 4068 causam
1199 3996 1674 4076 attraxerint,
1723 3998 2041 4098 ipsaque
2063 4021 2276 4073 causa
2303 3991 2501 4098 intser
2535 4000 2725 4099 ipsos

536 4092 812 4174 diutius
850 4096 1223 4192 ventilata,
1265 4118 1341 4173 et
1385 4119 1741 4197 vertente,
1781 4100 2168 4179 vltimatim
2208 4122 2453 4179 tamen
2490 4103 2726 4206 dispo-

540 4202 815 4307 sitione
878 4222 953 4280 et
976 4208 1549 4311 'composicione
1606 4208 2123 4313 plurimorum
2188 4209 2605 4317 proborum
2656 4226 2723 4285 et
