2926 4849
2147 482 2240 551 19

192 720 437 769 norum
476 690 707 795 ipsius
748 687 963 790 regni
1000 688 1233 764 nostri
1267 689 1703 778 existentes,
1753 686 1894 764 suh
1937 718 2078 766 vna
2112 702 2192 763 et
2230 714 2353 762 ea·-

194 800 349 875 dem
385 800 725 873 libertate
767 792 1301 897 gratulentur.“
1354 794 1754 899 Aequitate
1783 799 2088 871 omnino
2119 821 2353 898 expo·

202 924 461 982 scente:
516 905 663 1004 Ipsi
710 904 983 979 etenim
1032 898 1342 1003 perinde
1396 929 1483 976 ac
1521 906 1674 977 veri
1712 904 2022 980 Nobiles
2062 904 2358 977 fuerant

194 1042 229 1087 a
263 1012 337 1088 S.
362 1011 781 1112 Stephano,
835 1009 1139 1110 aliisque
1177 1011 1515 1111 regibuS,
1569 1011 1784 1086 terris
1815 1011 1981 1085 iure
2018 1012 2356 1114 proprie-

189 1122 367 1197 tario
402 1146 489 1194 ac
527 1117 1020 1193 haereditario
1071 1115 1325 1191 donati
1376 1116 1514 1191 sub
1568 1144 1799 1192 onere
1859 1144 2113 1220 regem
2178 1114 2359 1191 belli

185 1242 388 1302 extra
423 1227 647 1301 etiam
694 1222 877 1300 fines
917 1224 1128 1325 regni
1167 1222 1550 1325 sequendi,
1607 1223 1750 1300 hoc
1793 1224 2149 1298 duntaxat
2189 1248 2359 1297 cum

188 1333 642 1428 discrimine,
717 1330 927 1432 quod
983 1328 1256 1405 fundos
1322 1359 1494 1411 suos
1544 1329 2007 1434 possederint
2073 1329 2149 1403 hi
2197 1330 2359 1403 iure

182 1438 626 1533 reuocabili,
718 1438 828 1513 illi
896 1464 1081 1513 vero
1146 1437 1622 1513 irreuocabili
1645 1468 1672 1531 3·
1735 1436 2367 1543 quemadmodum

186 1566 450 1651 patete
488 1546 716 1622 literis
755 1543 1101 1620 Andreae
1136 1544 1258 1621 111.
1289 1573 1485 1620 anno
1530 1552 1753 1621 1293.
1791 1544 2110 1619 familiae
2160 1542 2365 1644 Syg—

185 1658 283 1729 rai
350 1656 760 1729 concessis:
819 1653 956 1744 „In
1012 1653 1778 1756 recompensationem
1826 1656 2051 1754 igitur
2101 1669 2248 1725 tam
2285 1648 2365 1724 fi-

194 1761 465 1836 delium
516 1759 994 1835 seruitiorum
1042 1784 1391 1851 suorum,
1483 1760 1754 1834 dictam
1816 1777 2088 1834 terram
2143 1758 2366 1831 castri

188 1868 414 1942 nostri
451 1865 545 1941 de
564 1863 886 1965 Scepus,
928 1861 1026 1936 ed
1070 1863 1221 1941 duo
1260 1882 1507 1940 aratra
1540 1868 2041 1946 sufficientem,
2080 1893 2124 1936 a
2154 1888 2370 1965 prae-

190 1973 330 2048 fata
381 1990 580 2047 terra
622 1971 838 2075 Sigra
879 1984 1401 2072 separatam'et
1438 1973 1902 2062 distinctam,
1958 1970 2049 2044 ab
2095 1966 2366 2045 eodem

196 2097 425 2157 castro
460 2094 723 2155 nostro
774 2095 1191 2180 exemptam
1227 2096 1303 2155 et
1339 2098 1751 2184 exceptam,
1808 2104 1983 2154 cum
2026 2076 2371 2152 omnibus

199 2185 612 2261 Vtilitatibus
656 2187 807 2261 suis
849 2210 979 2261 seu
1018 2185 1481 2287 pertinentiis
1511 2187 1918 2279 vniuersiS,
1984 2212 2134 2260 non
2172 2184 2249 2258 in
2285 2185 2375 2258 li-

198 2291 472 2369 bertate
535 2290 860 2390 filiorum
910 2289 1629 2392 Jobbagionum
1688 2286 1784 2368 de
1847 2292 2170 2396 ScepeS,
2241 2286 2376 2367 sed

201 2427 284 2475 eo
316 2400 477 2476 iure
505 2426 638 2474 seu
676 2398 1015 2488 libertate
1040 2454 1064 2492 ,
1117 2392 1391 2503 quibus
1440 2401 1849 2478 Nobiles
1902 2399 2190 2502 regni
2229 2426 2381 2474 no·-

199 2507 317 2580 stri
364 2525 596 2583 terras
628 2529 837 2598 suas,
895 2532 1023 2582 seu
1067 2507 1563 2609 possessiones
1595 2506 2080 2585 dinoscuntur
2114 2531 2380 2609 posse-

207 2612 420 2709 disse,
492 2610 883 2700 dedimus,
951 2612 1389 2688 donauimus
1438 2633 1514 2689 et
1545 2620 2074 2692 concessimus
2132 2612 2382 2688 eidem

203 2718 536 2824 Magistro
573 2721 844 2820 Pyrin,
893 2735 966 2796 et
1003 2746 1140 2823 per
1174 2746 1345 2822 eum
1386 2722 1536 2797 suis
1574 2721 2055 2818 haeredibus,
2109 2719 2382 2796 haere-

207 2823 512 2932 dumque
574 2853 879 2912 suorum
936 2827 1489 2906 successorihus
1509 2885 1527 2911 .
1601 2830 1691 2903 iu
1714 2857 1814 2905 re
1873 2860 1922 2935 p
1947 2859 1989 2906 e
2015 2858 2053 2903 r
2079 2854 2130 2929 p
2156 2843 2315 2902 ctu
2333 2855 2384 2903 o

212 2945 291 3004 et
355 2931 1170 3011 irreuocabiliter
1256 2932 1791 3038 possidendam.
1818 2938 1870 2977 “
1958 2937 2382 3012 Discrimen

205 3032 335 3112 hoc
373 3043 552 3128 iuris
609 3041 954 3144 perpetui
1021 3058 1097 3115 et
1152 3041 1666 3124 irreuocabilis
1722 3044 2110 3120 Nobilium
2145 3069 2382 3119 xero-

207 3167 393 3242 rum,
443 3177 528 3225 ac
552 3145 997 3223 reuocabilis
1035 3150 1243 3251 quasi
1278 3147 1697 3242 Nobilium,
1736 3152 2026 3227 sustulit
2054 3146 2385 3227 Ludoui·

206 3275 327 3328 cus
356 3283 484 3358 per
515 3271 781 3333 omnes
813 3257 1028 3359 regni
1060 3255 1177 3330 sui
1218 3264 1492 3359 partes.
1535 3267 1540 3274 ’
1590 3257 1708 3331 An
1756 3260 1954 3334 enim
1992 3255 2387 3335 tub'sexil-
2433 3347 2438 3350 Ἴ

205 3355 270 3433 lo
309 3367 490 3465 regis
532 3362 941 3438 seruientes
975 3362 1139 3438 iure
1181 3363 1696 3462 irreuocabili‚
1753 3366 1893 3441 sub
1930 3366 2204 3441 vexsslo
2243 3361 2383 3440 Co·

205 3468 470 3544 mitatus
518 3510 613 3526 --
652 3470 874 3544 etiam
931 3483 1141 3544 extra
1183 3473 1394 3571 regni
1449 3468 1631 3546 fines
1674 3472 2105 3572 militantes,
2161 3496 2382 3549 reuo-

203 3574 435 3668 cubili,
499 3579 996 3683 possessiones
1059 3576 1383 3653 tenuisse
1420 3604 1746 3681 aequum
1813 3580 2015 3656 fuit?
2069 3580 2380 3656 Nobiles

110 3733 123 3746 .
206 3683 340 3755 veri
369 3708 748 3786 nunquam
787 3709 939 3757 non
975 3681 1269 3759 fuerant
1305 3684 1592 3760 iuribus
1630 3688 1779 3761 suis
1815 3689 2160 3791 aequales
2180 3745 2202 3779 ‚
2247 3713 2381 3763 no-

210 3787 498 3865 minibus
533 3790 1385 3882 duntaxat‚·naturale3‚
1440 3794 1776 3895 regniet
1816 3792 2037 3890 facti,
2084 3794 2386 3898 Hungu-

215 3893 299 3976 ri,
350 3897 460 3971 vel
492 3895 804 3973 Croatae
845 3894 1479 3974 discernebantur.
1555 3899 1704 3988 Qui
1745 3895 2156 3980 ‘castrenses
2192 3902 2375 3978 sub·
2427 3917 2432 3922 '

103 4039 129 4110 Ι
222 4024 420 4104 seque
462 4006 681 4078 etiam
726 4003 861 4079 sub
902 4002 1306 4083 Ludouico
1349 4006 1702 4108 leguntur
1743 4010 2036 4102 collati,
2095 4013 2245 4086 eiu
2276 4007 2378 4088 es

224 4102 507 4202 fuerant,
545 4139 702 4186 non
740 4108 1146 4188 milites-z
1204 4112 1608 4210 dequibus
1633 4113 2065 4207 infum=Qui
2085 4139 2392 4193 -veros
2433 4157 2440 4166 ·

228 4208 557 4294 duntaxat
586 4217 919 4314 nobiles,
975 4217 1470 4324 regnicolnres
1524 4225 1694 4301 cuin
1731 4223 2404 4330 prouincialibus?
2427 4249 2448 4288 ›

1668 4349 1678 4354 -
1897 4339 1942 4408 2
1966 4327 2007 4372 2
