2926 4849
2121 469 2273 545 ssi
2382 453 2400 484 “

189 707 361 759 rum
389 677 809 786 Imperator
836 703 1134 785 semper
1167 671 1539 783 Augustus
1561 734 1584 775 ‚
1613 703 1704 758 ac
1729 678 2195 788 Hungariae,
2242 681 2388 773 Bor

188 788 528 881 hemiae,
610 786 1012 865 Dalmatiae
1037 842 1060 881 ‚
1131 785 1519 880 Oroatiae,
1608 791 1935 882 Ramae,
2031 786 2386 886 Samiae,

192 893 574 990 Galliciae‚
605 892 1124 988 Lodomeriae,
1153 893 1582 987 Cumaniae,
1624 897 2156 1000 Bulgariaeque
2192 898 2385 975 Rex.

193 1002 566 1078 Omnibus
591 1000 815 1079 Chisti
853 1001 1190 1079 fidelibus
1232 1017 1380 1075 tam
1413 1005 1968 1104 praesentibus,
2010 1027 2237 1108 quam
2273 1003 2395 1082 fu-

192 1113 427 1202 turis,
484 1110 978 1212 praesentium
1020 1108 1361 1184 notitiam
1401 1108 1759 1186 habituris
1812 1111 2122 1208 salutem
2167 1112 2250 1186 in
2299 1137 2398 1189 o-

192 1220 483 1292 mnium
522 1215 932 1292 Salinatore.
1010 1212 1213 1290 Clari
1249 1233 1323 1291 et
1361 1215 1719 1293 Catholici
1758 1218 2129 1323 Principis
2179 1219 2399 1294 auri·-

195 1324 353 1399 hus
386 1320 727 1426 benignis
763 1321 1090 1400 modesta
1130 1323 1394 1424 petitio
1455 1322 1850 1426 displicere
1914 1351 2066 1401 non
2119 1321 2394 1421 debet,

195 1431 361 1507 imo
394 1429 487 1504 ad
522 1429 1013 1505 exauditionis
1053 1430 1362 1532 gratiam
1393 1428 1680 1506 admitti
1717 1447 2054 1507 meretur
2075 1462 2112 1527 3=
2151 1434 2400 1512 maxi·-

197 1563 327 1613 me
366 1562 540 1611 cum
579 1537 860 1635 aliquid
894 1536 987 1610 ad
1014 1538 1545 1637 proprietatem
1579 1554 1658 1612 et
1684 1536 2103 1642 profectum
2132 1537 2294 1613 Dei.
2324 1553 2404 1616 et

197 1641 878 1722 Ecclesiasticarum
931 1644 1463 1739 Personarum,
1518 1642 1778 1719 diuino
1822 1643 2059 1720 cultui
2111 1647 2406 1722 manci-

91 1741 99 1766 '
195 1767 584 1856 patarum,
648 1747 1102 1852 postulatur.
1182 1751 1516 1828 ,Intereat
1591 1776 1916 1854 namque
1949 1837 1956 1846 ,
1995 1750 2403 1860 Principis,

199 1856 390 1934 dum
425 1857 829 1960 petitiones.
859 1855 1322 1959 poscentium
1357 1885 1504 1961 pro
1541 1858 2219 1935 communicatione
2261 1859 2408 1935 lar·

198 1947 505 2070 gitionis
541 1960 872 2038 fidelium
899 1964 1347 2066 aequitatem
1383 1982 1460 2042 et
1491 1965 1835 2041 iustitiam
1876 1967 2266 2060 continere
2301 1981 2407 2043 at-
2507 2049 2510 2052 ,
2547 1980 2556 1990 '

160 2143 169 2152 .
200 2066 666 2164 tenduntur,
698 2095 793 2148 ‚ex
829 2070 1158 2173 suscepti
1199 2070 1579 2172 regiminis
1617 2074 1862 2149 officio
1896 2070 2409 2150 Ecclesiarum

198 2174 624 2256 commodis
654 2193 733 2250 et
765 2175 1227 2277 profectibus
1266 2171 1658 2281 inuigilare
1681 2233 1705 2271 ‚
1758 2195 1836 2255 et
1876 2178 2035 2283 pias
2072 2176 2411 2257 fidelium

200 2285 643 2385 largitiones
676 2285 822 2359 suis
850 2283 1194 2390 „apicibus
1229 2284 1596 2388 sigillatim
1639 2287 2105 2362 communire
2128 2340 2151 2381 ‚
2180 2303 2263 2365 vt
2298 2280 2413 2363 fu·

201 2395 402 2470 turis
444 2389 903 2491 temporibus
940 2387 1283 2467 obtinere
1331 2394 1664 2484 valeant,
1737 2391 2093 2469 immobili
2141 2416 2413 2500 perse·-

204 2516 526 2576 uetante
565 2496 929 2576 firmitate.
987 2498 1312 2576 Proinde
1343 2500 1437 2576 ad
1487 2500 2019 2604 vniuersorum
2069 2501 2412 2578 notitiam

203 2606 481 2687 harum
509 2606 698 2683 serie
736 2604 1074 2685 volumus
1112 2608 1553 2711 peruenire,
1588 2606 1799 2709 quod
1840 2606 2204 2686 discretus
2241 2610 2446 2713 Pre-x

201 2711 449 2788 sbiter
506 2709 925 2817 Philippus,
1012 2717 1300 2790 Rector
1330 2754 1331 2759 1
1360 2716 1704 2819 Capellae
1759 2713 1840 2791 S.
1917 2714 2244 2820 Spiritus
2313 2714 2412 2792 de

201 2817 545 2924 Lnjbitz,
600 2836 841 2899 terrae
881 2839 1175 2898 nostrae
1207 2819 1752 2926 Scepusiensis,
1782 2836 2081 2899 nostrae
2113 2821 2413 2899 Sereni·

204 2931 389 3005 tatia
427 2924 788 3005 accedens
826 2946 1342 3032 conspectum,
1381 2946 1768 3033 proparte
1790 2945 1869 3004 et
1903 2928 2211 3023 nomine
2250 2929 2416 3004 vni·

203 3057 616 3110 uei-sorum
656 3035 1149 3111 Plebanorum
1172 3091 1195 3128 ,
1248 3060 1380 3111 seu
1421 3036 1837 3110 Rectorum
1877 3032 2416 3114 parochialium

204 3139 759 3236 Ecclesiamm,
824 3142 1078 3244 viginti
1134 3160 1458 3246 quatuor
1515 3140 1925 3221 ciuitatum
1981 3138 2412 3244 praedictae

207 3265 465 3323 terrae
497 3267 793 3323 nostrae
844 3247 1356 3353 Scepusiensis
1393 3245 1734 3324 exhibuit
1785 3264 1865 3324 et
1916 3248 2417 3353 praesentauit

86 3354 99 3375 “
206 3352 441 3430 nobis
471 3355 824 3456 quasdam
869 3356 1049 3432 duas
1081 3355 1371 3450 literas,
1426 3381 1645 3431 vnam
1696 3352 2047 3430 videlicet
2087 3352 2273 3430 olim
2315 3351 2414 3430 11·

209 3460 693 3537 lustrissimae
748 3463 1148 3566 Principis,
1235 3464 1600 3539 Dominae
1655 3459 2024 3541 Elisabeth
2078 3459 2411 3563 Reginae

210 3564 680 3669 [longai-iae,
736 3563 969 3646 felicis
1015 3568 1467 3661 memoriae,
1523 3567 2104 3673 priuilegialem‚
2151 3570 2418 3672 expri-

208 3690 552 3750 mentem
586 3676 661 3750 in
684 3675 954 3752 effectu
987 3680 1371 3753 vniuersos
1408 3675 1744 3753 Saxones
1778 3694 1853 3751 et
1887 3673 2150 3752 latinos
2185 3674 2416 3780 ipsius

212 3796 463 3855 terrae
496 3797 791 3859 nostrae
831 3780 1369 3888 Scepusiensis,
1424 3786 1646 3860 etiam
1687 3782 2043 3886 praestito
2077 3781 2418 3861 solemni·

214 3901 343 3961 ter
365 3886 784 3968 iuramento
823 3882 1287 3994 assumpsisse
1310 3946 1333 3984 ‚
1387 3888 1595 3994 quod
1638 3888 1961 3966 decimas
2008 3887 2409 3992 persolues·

217 4010 396 4068 rent
423 4019 517 4069 eo
557 3996 785 4091 modo
806 4012 884 4073 et
915 4024 1002 4073 ea
1037 3997 1470 4101 integritate,
1498 3997 1649 4073 suis
1679 3994 2019 4093 plebanis
2052 4011 2131 4072 et
2150 3995 2415 4073 Sacer·
2486 4023 2496 4032 ·

217 4097 561 4194 dotibus,
607 4130 749 4207 per
788 4118 1032 4183 totum
1069 4106 1520 4209 comitatum
1551 4101 2166 4209 Scepusiensem‚
2218 4101 2414 4179 sicut

215 4204 561 4313 Hungari
592 4225 671 4285 et
710 4208 941 4307 Sinni,
973 4213 1053 4289 in
1090 4209 1384 4320 Scepus
1421 4210 1823 4321 existenjeo
1853 4209 2052 4320 ipsas
2079 4208 2414 4295 theim„⁸
