2926 4849
1998 498 2003 509 .
2046 454 2191 539 sos

103 647 209 724 ad
246 648 548 731 easdem
586 668 884 731 octauas
922 652 1124 733 dieto
1164 656 1486 737 Domino
1530 675 1787 736 nostro
1834 659 1989 758 regi
2054 657 2294 737 fideli·
2405 684 2410 689 ·

103 772 231 830 ter
268 758 721 839 rescribatis.
777 760 871 835 Et
908 761 1184 837 eisdem
1219 763 1502 843 octauis
1544 764 2105 865 praemissarum
2139 765 2292 841 lite·

104 886 372 939 rarum
413 867 788 949 metalium
825 867 1185 945 exhibitio
1234 871 1429 947 inter
1487 870 1822 960 easdem,
1891 869 2017 947 sed
2079 873 2293 946 etiam

103 970 350 1045 series
382 970 764 1050 literarum
797 994 1215 1051 nostrarum
1276 978 1963 1078 prorogator-iarum
2012 1003 2107 1051 ex
2156 1002 2295 1071 eo,

107 1078 297 1177 quia
317 1077 679 1183 legitimus
702 1099 1147 1180 procurator
1160 1081 1336 1157 dicti
1358 1082 1681 1187 Capituli
1705 1080 1988 1158 ibidem
2001 1083 2090 1157 ad
2119 1098 2293 1160 tunc

107 1205 260 1259 nec
299 1184 629 1288 ipsarum
668 1188 1046 1263 literarum
1085 1187 1467 1266 metalium
1505 1186 2035 1271 exhibitionem
2082 1190 2292 1265 face-

105 1314 198 1362 re
219 1343 248 1378 ‚
308 1319 554 1394 neque
594 1292 790 1369 dicta
826 1295 1094 1369 iudicia
1135 1297 1562 1398 persoluere
1610 1323 1825 1398 posse
1887 1297 2288 1391 retulerat,

111 1418 289 1471 cum
333 1398 778 1501 deponendo
800 1399 1072 1476 iudicio
1110 1402 1334 1477 trium
1368 1429 1779 1479 marcarum
1823 1404 2295 1507 praescriptis

108 1504 499 1604 prioribus
553 1504 912 1609 dupplum
970 1511 1269 1585 sor-tien.
1352 1507 1447 1589 ad
1503 1528 1931 1612 praesentes
1998 1528 2290 1593 octauas

113 1606 291 1691 festi
353 1610 559 1687 Beati
625 1612 934 1716 Georgii
993 1611 1342 1715 Martyris
1393 1619 1873 1718 prorogatiue
1951 1616 2286 1691 deuenisv

108 1731 274 1811 set,
330 1719 619 1794 tandem
649 1723 822 1824 ipsis
850 1723 1128 1796 oetauis
1160 1722 1594 1805 instantibus
1637 1723 1895 1799 Petrus
1928 1722 2022 1796 de
2062 1724 2291 1797 Daras

114 1846 262 1925 pro
294 1826 636 1929 praefatis
680 1826 1081 1905 Valentino
1138 1828 1567 1930 Praeposito
1623 1847 1702 1905 et
1748 1831 2142 1921 Conuentu
2194 1828 2285 1905 de

113 1927 368 2033 Saagb
406 1959 578 2008 cum
636 1935 1164 2036 procuratoriis
1215 1934 1447 2010 literis
1500 1934 1824 2017 eiusdem
1859 1939 2287 2025 conuentus

111 2036 193 2109 in
229 2056 553 2115 nostram
591 2041 955 2115 veniendo
1001 2045 1491 2144 praesentiam
1529 2040 1773 2117 literas
1829 2060 2109 2116 vestras
2151 2067 2280 2115 su-

79 2146 256 2246 'per
291 2149 445 2248 ipsa
488 2147 925 2222 euocatione
963 2149 1289 2225 Domino
1327 2166 1589 2223 nostro
1640 2151 1800 2250 regi
1850 2151 2286 2249 rescriptio*

113 2249 319 2328 mles
364 2253 577 2331 nobis
632 2257 1164 2357 praesentauit,
1217 2256 1294 2329 in
1350 2255 1625 2358 quibus
1683 2283 1821 2359 per
1880 2254 2285 2356 Georgium

113 2353 218 2435 de
259 2359 669 2446 Berencze.
743 2359 1108 2463 Regium,
1177 2389 1259 2436 ac
1318 2363 1679 2458 Thomam
1738 2362 1832 2438 de
1899 2360 2279 2447 Rbeman,

114 2466 523 2543 Rectorem
554 2467 797 2542 altaris
828 2484 1121 2544 sanctae
1175 2469 1674 2570 Appolloniae
1737 2470 2094 2569 Virginis,
2155 2491 2278 2544 ve-

113 2588 389 2667 strum,
445 2573 819 2666 homines,
876 2576 951 2648 in
980 2573 1171 2650 festo
1206 2576 1414 2652 Beati
1451 2574 1780 2652 ‘rhomae
1815 2576 2162 2673 Martyris
2202 2590 2277 2647 et

113 2677 491 2756 Pontificis
531 2683 870 2783 proxime
900 2683 1345 2783 praeterito,
1416 2700 1904 2759 memoratum
1962 2680 2276 2781 Cupito-f

113 2787 270 2860 lum
301 2785 713 2878 Ecclesiae,
767 2784 1280 2888 strigoniensis
1329 2790 1408 2860 in
1469 2790 1922 2885 possessione
1973 2781 2279 2886 Gyeork

113 2913 381 2969 vocata
418 2892 890 2984 accedendo,
948 2909 1335 2967 annotatos
1389 2891 1899 2993 Praepositum
1945 2910 2017 2966 et
2074 2890 2281 2963 Con-

115 3017 423 3075 uentum
459 2998 549 3073 ad
587 3016 881 3076 octauas
921 2996 1086 3071 festi
1117 2996 1687 3100 Epiphaniarum
1747 2997 2039 3082 Domini
2079 2999 2279 3098 regi·-

111 3107 338 3182 amin
381 3108 863 3211 praesentiam
896 3103 1220 3205 legitime
1265 3121 1623 3182 euocatos
1666 3103 1832 3178 fore
1891 3128 2277 3203 comper-e-⁸

113 3239 401 3307 ramus,
455 3211 862 3287 manifeste.
920 3209 1042 3286 Ad
1080 3235 1261 3311 quas
1295 3208 1597 3309 quidem
1636 3227 1932 3290 octauas
1964 3208 2019 3282 F
2025 3213 2281 3292 esti—2

122 3361 223 3377 --
260 3327 364 3378 -ss-
400 3319 814 3424 praefatum
856 3316 1279 3421 Capitulum
1318 3343 1453 3420 per
1507 3334 1936 3404 annotatum
1982 3315 2280 3390 Petrum

113 3445 686 3532 procuratorem
718 3423 1090 3501 dictorum
1125 3420 1495 3499 Actorum
1524 3425 1602 3508 in
1634 3423 2072 3522 praemis-sk,
2108 3447 2281 3502 cons

112 3537 322 3639 gruis
363 3532 632 3609 diebus·
657 3534 980 3636 ipsarum
1026 3548 1452 3608 octauarum
1489 3554 1741 3607 coram
1777 3529 1987 3612 nobis
2024 3553 2275 3632 exspe-

113 3655 392 3719 etatem
413 3695 434 3733 ‚
488 3641 980 3741 praescriptas
1010 3640 1256 3714 literas
1290 3638 1591 3715 metales
1620 3634 2123 3712 exhibiturum
2159 3660 2283 3710 no·

115 3766 342 3826 stram
374 3749 455 3824 in
493 3748 976 3848 praesentiam
1035 3773 1188 3820 non
1243 3745 1486 3836 venit,
1546 3769 1788 3843 neque
1846 3742 2082 3832 misit,
2140 3765 2281 3820 nec

115 3855 475 3961 persoluit
527 3851 799 3926 iudicia
853 3867 1319 3952 praenotata,
1374 3875 1449 3925 se
1521 3878 1660 3954 pro
1700 3876 1832 3926 sua
1891 3875 2041 3924 non
2084 3850 2283 3922 veni-

120 3963 315 4038 entia
357 3961 434 4033 in
464 3958 742 4033 iudicio
783 3973 1137 4034 consueto
1162 4008 1186 4047 ‚
1239 3972 1317 4031 et
1351 3982 1490 4058 pro
1548 3983 1701 4032 non
1751 3955 2116 4030 solutione
2181 3953 2288 4027 di-

122 4083 411 4143 ctorum
448 4065 892 4140 iudiciorum
928 4069 998 4138 in
1039 4061 1320 4166 dupplo
1359 4062 1871 4161 eorumdem,
1913 4059 2284 4135 medianti-

123 4175 270 4249 bus
319 4170 477 4247 aliis
519 4173 744 4248 literis
783 4173 1047 4247 nostris
1096 4167 1559 4245 iudicialibus
1607 4167 1874 4244 exinde
1931 4165 2289 4241 confectis
