2926 4849
2118 512 2267 583 11⁷

183 721 422 822 gai-iae
445 777 469 814 ‚
525 722 926 799 Bohemiae
953 782 975 818 ‚
1034 725 1465 815 Dalmatiae,
1522 721 1895 816 Croatiae,
1952 737 2097 796 etc.
2144 723 2336 827 Regi
2357 778 2379 816 ,

193 829 506 904 Domino
540 833 874 935 ipsorum
929 836 1296 936 gratioso,
1356 829 1777 931 Stephanus
1825 827 1920 903 dc
1972 827 2378 933 Rosgony‚

189 933 445 1011 Comes
505 957 583 1016 et
642 936 940 1015 Judices
1013 938 1392 1016 Nobilium
1448 936 1856 1012 Comitatus
1916 936 2381 1013 Po‘soniensis

189 1042 626 1145 obsequium
668 1049 1043 1124 seruitutis
1081 1062 1443 1151 perpetua
1478 1072 1643 1118 cum
1683 1042 2054 1118 fidelitate.
2098 1046 2383 1120 Literas

183 1165 471 1225 vestrae
515 1151 949 1230 serenitatis
990 1157 1486 1256 inquisitorias
1515 1206 1535 1244 ‚
1594 1149 1812 1227 nobis
1866 1151 2386 1257 praeceptorie

180 1255 547 1352 directas,
603 1262 806 1337 omni
860 1285 1031 1336 cum
1083 1262 1505 1337 reuerentia
1566 1260 1923 1336 noueritis
1970 1284 2113 1333 nos·
2157 1284 2383 1333 rece-

179 1364 415 1466 pisse,
473 1369 550 1440 in
610 1363 795 1441 haec
851 1370 1125 1443 verba:
1205 1364 1871 1470 sigismundus
1932 1363 2045 1457 (vt
2106 1363 2382 1469 supra).

176 1470 392 1546 Vnde
432 1499 574 1548 nos
619 1476 795 1578 ipsis
833 1478 1195 1550 mandatis
1241 1494 1526 1550 vestrae
1567 1472 2003 1550 serenitatis
2034 1475 2110 1547 in
2149 1474 2384 1548 omni·
2432 1525 2435 1532 «

176 1575 309 1652 bus
348 1579 670 1656 obedire
722 1586 1133 1686 cupiente-8,
1189 1582 1294 1656 vti
1337 1600 1705 1672 tenemur,
1763 1608 1854 1656 ex
1890 1579 2190 1674 debito,
2247 1606 2413 1655 nor

176 1685 402 1759 bilem
422 1689 819 1764 Nicolaum
842 1749 860 1783 ‚
903 1689 1132 1764 filium
1161 1689 1356 1764 Pauli
1391 1688 1483 1762 de
1524 1687 1975 1772 Beczehaza‚
2021 1715 2246 1762 vnum
2282 1713 2374 1762 ex

173 1793 380 1866 nobis
428 1796 762 1870 Judlium
824 1797 1251 1900 praedictis,
1308 1796 1398 1870 ad
1456 1795 1832 1896 praedicta
1895 1816 2133 1872 vestra
2174 1799 2379 1870 ma'n-

176 1896 338 1972 data
396 1900 725 1977 fideliter
804 1902 1330 2006 exsequenda,
1408 1902 1756 1979 duximus
1822 1901 2379 1985 destinandum.

174 2008 294 2101 qui
362 2007 689 2084 tandem·
734 2010 824 2084 ad
885 2035 1016 2083 nos
1070 2011 1340 2085 exinde
1391 2007 1781 2104 reuersus,
1854 2008 2071 2082 nobis
2129 2008 2376 2085 retulit

177 2114 308 2188 isto
362 2115 604 2191 modo
637 2115 841 2220 quod
880 2120 949 2191 in
990 2114 1175 2192 festo
1233 2116 1628 2192 beatorum
1685 2116 1997 2220 Philippi
2039 2136 2117 2192 et
2159 2116 2380 2191 Jaco-

176 2218 241 2290 bi
296 2221 842 2324 Apostolorum
912 2251 1108 2298 nunc
1166 2225 1507 2327 proxime
1575 2229 1981 2327 praeterito
2041 2226 2119 2299 in
2170 2223 2374 2299 dicto

175 2325 548 2404 comitatu
585 2325 1064 2434 procedendo
1101 2331 1194 2406 ab
1239 2332 1594 2405 omnibus
1615 2390 1640 2423 ,
1703 2333 1974 2437 quibus
2010 2333 2375 2429 decuisset

174 2450 239 2506 et
285 2435 624 2513 licuisset
679 2440 1050 2515 nobilibus
1119 2437 1466 2514 videlicet
1522 2457 1599 2514 et
1651 2438 2150 2544 ignobilibus,
2208 2448 2367 2516 cae·-

175 2544 500 2647 terisque
543 2550 861 2621 cuiusuis
891 2564 1142 2623 -status
1192 2564 1268 2621 et
1326 2543 1773 2622 conditionis
1830 2544 2187 2652 praedicti
2235 2546 2374 2621 Co·

175 2651 473 2725 mitatus
505 2652 932 2728 homiuibus
966 2654 1203 2755 palam
1249 2672 1323 2729 et
1362 2654 1655 2728 occulte
1704 2653 2099 2758 diligenter
2129 2656 2370 2758 inqui-

153 2757 447 2852 rende,
539 2762 787 2835 omnia
842 2763 1234 2862 praemissa
1294 2779 1370 2835 et
1436 2765 1741 2861 quaeuis
1792 2763 2366 2867 praemissorum

173 2865 476 2964 singula,
501 2870 608 2942 sic
641 2883 718 2942 et
759 2885 1064 2942 eatenus
1085 2864 1280 2943 facta
1319 2884 1393 2939 et
1431 2886 1859 2971 perpetrata
1885 2869 2105 2941 fuisse
2147 2888 2222 2944 et
2260 2874 2369 2945 es-

179 2976 254 3041 se
292 2975 704 3068 retulisset,
763 2976 1022 3078 prouti
1057 2992 1340 3049 vestrae
1391 2974 1671 3049 dictum
1724 2977 1969 3050 extitit
2016 2976 2367 3052 Maiesta-

184 3074 268 3166 ῑΐ,
316 3097 389 3153 et
407 3079 1033 3183 quemadmodum
1082 3097 1302 3156 tenor
1341 3099 1744 3181 vestrarum
1788 3084 2162 3156 literarum
2194 3109 2366 3158 cou-

133 3194 142 3205 ‘
183 3183 364 3259 tinet
401 3191 1040 3293 praescriptarum.
1107 3188 1370 3262 Datum
1416 3187 1707 3265 Poson'ii
1742 3205 2009 3264 octaua
2048 3185 2167 3263 die
2215 3187 2367 3262 diei

125 3345 130 3349 ·
173 3290 660 3392 inquisitionis
707 3299 1151 3399 praemissae
1184 3321 1379 3368 anno
1430 3321 1651 3400 supra
1688 3296 1973 3372 dicto.“
2034 3294 2116 3371 L.
2167 3320 2363 3397 qua·-

178 3413 342 3474 tuor
373 3403 800 3503 sigillorum.
1874 3432 1881 3439 ·

251 3528 299 3594 E
329 3533 542 3597 charta
581 3535 857 3620 originali
894 3532 1128 3596 archini
1161 3530 1530 3596 primatialis.
1601 3541 1750 3597 Cum
1793 3534 2217 3618 Inquisitoriae
2256 3556 2357 3597 re-

352 3621 485 3704 giae
532 3619 711 3684 datae
761 3620 994 3682 suerint
1039 3628 1182 3702 post
1226 3621 1450 3691 festum
1497 3624 1560 3681 S.
1620 3620 1884 3682 Ambros
1946 3666 1962 3693 ,
2023 3627 2090 3679 vt
2125 3638 2353 3702 supra.

349 3707 672 3783 relatos-iae
699 3726 848 3769 vero
883 3714 1099 3767 octana
1140 3702 1240 3766 die
1289 3714 1428 3788 post
1461 3705 1686 3766 festum
1728 3710 1830 3767 SS.
1915 3702 2128 3848 hilippi
2164 3713 2224 3767 et
2267 3711 2369 3768 Ja-

346 3789 528 3862 cohi,
573 3791 680 3854 vel'
719 3792 945 3853 festum
986 3788 1287 3872 Ambrosy
1325 3809 1531 3850 mense
1569 3787 1760 3873 Aprili
1792 3799 1886 3850 est
1932 3788 2060 3850 cele
2105 3797 2349 3860 ratum,

339 3875 428 3935 vel
461 3873 591 3938 dies
619 3872 1015 3939 emanationis
1039 3872 1391 3935 alterutrius
1433 3895 1696 3935 erronee
1735 3874 1849 3933 fuit
1884 3874 2287 3955 consignatus·

1118 3978 1392 4057 XXIII,

174 4080 309 4132 Μαι
349 4084 739 4155 Sigismundus
771 4085 1148 4137 sectationem„
1162 4083 1554 4151 possessionis
1603 4081 1865 4151 Agyayos
1889 4121 1903 4145 ,
1940 4079 2110 4133 titulo
2132 4082 2361 4153 pigno-2

310 4159 383 4205 tis
397 4169 686 4228 prorogat.
745 4157 802 4206 A.
844 4157 1006 4210 14291

370 4250 519 4326 Nos
570 4247 1087 4352 Sigismundus
1151 4248 1283 4320 Dei
1327 4249 1571 4348 gracia
1620 4250 2132 4321 Romanorum
2177 4242 2341 4318 Rex
