2926 4849
2104 464 2280 585 ἰον

184 721 595 801 citudinem
630 724 965 802 fidelium
997 740 1424 803 nostrorum
1461 721 1912 801 dilectorum
1933 775 1956 814 ,
2012 715 2373 826 prouide-

178 850 338 906 rum
381 850 462 905 et
508 832 1219 936 circumspectorum
1272 830 1665 915 Virorum,
1721 825 2051 919 Iudicis,
2108 842 2183 900 et
2232 826 2385 904 Ju-

175 954 512 1012 ratorum
548 958 628 1013 et
665 959 1143 1015 caeterorum·
1179 939 1472 1029 Cinium
1512 936 1727 1013 huius
1769 951 2070 1010 nostrae
2094 932 2381 1035 ⁴Ciuita··

180 1045 266 1117 tis
321 1048 835 1131 PosoniensiS,
894 1072 1085 1149 quos
1137 1045 1213 1118 in
1263 1044 1609 1119 omnibus
1657 1046 1923 1118 nostris
1971 1039 2374 1139 obsequiis,

180 1153 533 1252 negotii5‚
597 1170 676 1233 et.
709 1152 1345 1258 expeditionibus,
1405 1178 1666 1226 eorum
1713 1150 2263 1250 procurationi,
2300 1165 2377 1231 et

173 1258 640 1362 expeditioni
691 1288 828 1364 per
899 1288 1033 1337 nos
1095 1256 1391 1335 confisis
1448 1274 1524 1332 et
1594 1257 1998 1333 commissis
2026 1296 2053 1337 ,·
2119 1251 2372 1357 fideles

168 1390 319 1439 sem
332 1391 479 1470 per
519 1369 977 1470 reperimus,
1034 1385 1110 1442 et
1147 1364 1497 1457 solertes,
1534 1363 1629 1440 de
1669 1390 1935 1439 eorum
1971 1360 2321 1439 fidelitate
2345 1414 2370 1456 ,

164 1489 237 1547 et
274 1471 462 1576 agili
528 1476 930 1559 exercitio,
988 1492 1064 1550 et
1117 1472 1646 1577 procuratione
1700 1469 2036 1574 diligenti
2070 1526 2090 1553 ,
2147 1467 2374 1543 etiam

164 1579 482 1660 vitet-ius
536 1580 632 1656 ad
679 1583 980 1686 plenum
1033 1579 1416 1655 confidere
1479 1579 1851 1671 volentes,
1890 1590 2370 1680 ²sumptaque

160 1713 255 1760 ex
291 1692 411 1778 iis,
450 1705 529 1764 et
563 1690 688 1764 diu
738 1689 1055 1792 probata
1101 1685 1368 1763 fiducia
1409 1715 1450 1761 a
1490 1702 1702 1776 certo
1738 1693 2113 1775 tenentes,
2162 1679 2370 1784 quod

157 1796 304 1896 ipsi
343 1821 432 1868 ea
484 1799 729 1893 omnia
756 1851 778 1889 ,
838 1821 1031 1897 quae
1071 1798 1402 1899 ipsorum
1442 1790 1956 1897 dispositioni,
2009 1812 2367 1893 procura·-

157 1903 531 1999 tionique,
584 1922 654 1977 et
695 1902 1154 2007 expeditioni
1197 1901 1813 1999 commiserimuS,
1850 1894 2243 1999 diiigenter
2288 1909 2366 1969 et

154 2008 485 2085 solerter
544 2010 864 2103 facient,
941 2028 1016 2084 et
1072 2007 1632 2111 gubernabunt,
1665 2032 1787 2111 'ac
1839 2003 2155 2078 fideliter
2212 2027 2367 2083 au-

153 2114 702 2216 gmentabunt,
762 2117 1188 2207 Cameram,
1223 2141 1329 2189 wae
1374 2113 1826 2214 Comitatum
1843 2150 1881 2197 ‚·
1922 2138 2055 2186 seu
2096 2106 2372 2183 Offici-

147 2249 277 2297 um
328 2222 686 2300 Cusionis
748 2224 1221 2298 Monetarum
1271 2237 1739 2323 nostrarum,
1796 2244 2021 2322 quam
2086 2217 2162 2291 in
2206 2217 2365 2319 ipsa

153 2330 481 2405 Ciuitate
512 2348 761 2405 nostra
804 2330 1229 2405 Posoniensi
1275 2326 1434 2403 fieri
1490 2325 1834 2402 ›volumus
1854 2322 2140 2412 {simul
2191 2348 2364 2400 cum

152 2437 517 2512 omnibus
558 2435 1090 2513 directionibus
1120 2492 1142 2530 ,
1198 2454 1274 2512 et
1311 2434 1924 2539 expeditionibus
1981 2427 2361 2536 quibusli-

151 2544 319 2638 bet,
386 2569 531 2619 nee
588 2572 742 2619 non
794 2541 1300 2635 libertatibus,
1360 2539 2003 2648 exemptionibus,
2060 2563 2360 2643 praero-

150 2651 469 2754 gatiuis,
526 2668 604 2727 et
660 2650 1128 2729 facultatibus
1175 2647 1451 2743 solitis,
1526 2671 1603 2728 et
1646 2648 2059 2739 consuetis,
2108 2645 2359 2723 ‘eidem

143 2757 446 2853 Judici,
517 2757 841 2846 sumtis,
915 2775 991 2834 et
1056 2758 1362 2833 Ciuibus
1397 2760 1686 2833 nostris
1742 2743 2359 2848 Posoniensibus,

149 2884 511 2971 tanquam
543 2865 635 2942 ad
678 2865 929 2943 fideles
968 2891 1225 2940 manus
1277 2863 1625 2939 duximus
1682 2858 2347 2950 committendum,

144 2973 508 3077 ipsosque
549 2974 775 3048 Ciues
813 2979 889 3047 in
925 2974 1252 3063 (Comites
1291 2969 1711 3045 huiusmodi
1759 2968 2103 3044 Cusionis
2166 2963 2354 3040 Mo·-

144 3099 499 3156 netarum
549 3097 960 3157 nostrarum
1017 3076 1556 3184 praeficiendos
1615 3093 1690 3151 et
1748 3070 2349 3170 constituendos,

139 3188 290 3264 imo
332 3188 910 3280 committimuS,
965 3185 1643 3292 praeficimusque,
1712 3200 1789 3259 et
1828 3176 2348 3258 constituimus

143 3298 651 3396 praesentium
691 3322 829 3398 per
861 3296 1234 3396 vigorem,
1275 3293 1374 3368 ita
1419 3292 1807 3380 videlicet,
1866 3284 2095 3391 quod·
2120 3284 2348 3376 iidem
2432 3297 2439 3304 '

140 3403 345 3478 ciues
382 3402 623 3477 nostri
658 3428 935 3477 nouam
969 3402 1353 3476 Monetam
1385 3418 1713 3476 nostram
1746 3412 2169 3500 argenteam
2216 3392 2349 3468 mi-

134 3536 448 3594 norem,
506 3509 907 3608 vulgariter
945 3509 1311 3608 Quarting
1356 3533 1490 3581 seu
1521 3506 1577 3580 F
1582 3505 1833 3605 jvfrting
1872 3497 2343 3606 appellatam,

137 3616 238 3693 sic
311 3633 394 3691 et
454 3614 723 3690 eodem
774 3612 1043 3705 modo,
1142 3638 1230 3688 ae
1300 3612 1446 3688 sub
1497 3611 1619 3686 illa
1668 3610 1859 3713 liga,
1932 3624 2009 3684 et
2064 3604 2346 3701 forma,

133 3740 366 3825 prout
405 3720 690 3798 scilieet
711 3779 735 3815 ‚
795 3741 869 3799 et
901 3719 1534 3826 quemadmodum
1568 3717 1832 3793 eadem
1868 3714 2174 3789 Moneta
2209 3736 2346 3787 no-

132 3849 274 3907 stra
308 3886 332 3918 ,
377 3831 461 3903 in
504 3825 815 3905 Camers
866 3844 1120 3907 nostra
1176 3822 1801 3915 Cremnieziensi.,
1855 3839 1931 3899 et
1988 3822 2213 3896 etiam
2262 3815 2343 3893 in

130 3936 283 4011 aliis
322 3936 659 4011 Cameris
696 3940 960 4014 nostris
993 3933 1089 4013 de
1130 3933 1441 4010 Nostrae
1477 3929 1919 4022 Maiestatis,
1978 3925 2342 4003 Praelato·

131 4068 497 4148 rumque,
583 4059 659 4116 et
734 4046 1102 4119 Bal-onum
1165 4057 1597 4116 nostrorum
1646 4036 1970 4111 vnanimi
2028 4034 2341 4110 decreto

130 4148 540 4255 superinde
580 4146 779 4228 facto
822 4145 1166 4239 cuditur,
1225 4147 1402 4223 cudi
1463 4144 1776 4228 faciant,
1833 4160 1911 4220 et
1966 4138 2337 4228 laborari,

130 4254 280 4359 ipsa
310 4253 695 4363 siquidem
735 4256 1039 4334 Moneta
1074 4272 1324 4332 nostra
1371 4251 1663 4348 minor,
1709 4246 2080 4356 Quarting
2123 4269 2344 4325 voca-
