2926 4849
2637 353 2684 390 Χ

530 513 547 528 ,,
650 441 803 510 482

537 650 632 726 ad
689 648 759 726 id
812 649 1398 752 requisiturum,
1469 647 1765 749 singulis
1815 651 2024 726 annis
2079 647 2265 727 s'ales
2309 652 2402 726 ad
2450 670 2727 728 trecen·

538 752 653 835 tos
690 759 1009 835 florenos
1052 757 1214 832 auri
1251 783 1330 832 se
1370 757 1854 856 estendentes
1877 813 1900 851 ,
1957 757 2051 835 de
2084 760 2434 836 Cameris*
2464 761 2721 833 salium

533 885 964 943 nostrorum
990 917 1011 956 ,
1041 863 1202 938 duxi
1238 862 1608 940 deberent
1640 881 1713 938 et
1746 864 2276 961 administrari3
2319 893 2530 971 quae
2555 862 2719 968 qui-

530 972 705 1049 dem
746 991 992 1050 nostra
1028 965 1414 1076 dispositio
1453 995 1594 1076 per
1625 987 1831 1046 certa
1865 989 2201 1077 tempora
2239 977 2313 1047 in
2345 1000 2481 1048 suo
2518 975 2722 1076 vigo.-

527 1107 614 1156 re
655 1077 798 1156 suit
829 1079 1257 1171 obseruata;
1313 1095 1559 1154 tamen
1599 1074 1942 1168 tandem,
1994 1106 2166 1181 eum
2205 1081 2523 1182 quilibet
2566 1082 2718 1156 flo-

424 1203 433 1208 ’
524 1211 758 1270 renus
795 1186 956 1262 auri
995 1184 1517 1290 Hungaricalis
1548 1185 1628 1259 in
1669 1201 1825 1259 toto
1842 1184 2073 1289 regno
2105 1206 2365 1265 nostro
2401 1188 2709 1292 Hungu-

523 1293 680 1368 riae
714 1320 1013 1369 cursum
1049 1320 1188 1396 pro
1235 1291 1577 1367 ducentis
1628 1289 1943 1368 denariis
2001 1319 2174 1371 cum
2207 1310 2522 1394 moneta
2576 1324 2715 1370 no-

518 1413 671 1477 stra
709 1396 912 1496 Filer
948 1420 1206 1477 vocata
1255 1395 1679 1490 habuisset,
1749 1424 1898 1473 seu
1940 1399 2127 1477 duos
2195 1403 2518 1477 florenos
2573 1430 2717 1508 per

516 1525 815 1583 centum
863 1506 957 1582 de
1012 1524 1309 1590 moneta
1350 1506 1499 1580 iam
1553 1504 1929 1580 nominata
1978 1507 2391 1604 habuisset,
2449 1508 2713 1596 Came-

513 1614 730 1688 rariis
762 1602 1015 1689 salium
1058 1599 1527 1704 nostrorum,
1583 1614 1712 1716 qui
1791 1637 2023 1716 super
2071 1589 2447 1691 so⁰lutione
2490 1643 2712 1720 prae-

506 1739 850 1797 narratae
889 1739 1181 1798 nostrae
1209 1719 1705 1820 dispositionis
1736 1746 1777 1791 a
1814 1719 2029 1795 nobis
2050 1721 2393 1798 mandata
2417 1723 2709 1798 habuis·

506 1845 711 1914 sent.
769 1828 982 1903 dictis
1020 1825 1373 1902 fratribus
1416 1823 1792 1902 heremitis
1832 1827 2015 1902 sales
2068 1826 2162 1904 ad
2200 1829 2529 1907 valorem
2573 1857 2708 1905 sex

508 1949 904 2013 centorum
931 1933 1406 2010 florenorum
1427 1958 1569 2037 per
1604 1948 1909 2008 centum
1938 1934 2179 2012 dietae
2201 1955 2521 2038 nostrae,
2540 1965 2705 2014 mo-

503 2061 722 2130 netae
754 2039 956 2117 Filer
999 2057 1345 2132 vocatae,
1397 2038 1771 2116 continuis
1827 2043 2293 2146 temporibus
2348 2051 2705 2147 assignas-

499 2166 687 2225 sent.
743 2150 964 2223 Nunc
995 2165 1245 2223 autem
1268 2199 1291 2238 ,
1314 2195 1325 2200 ,
1347 2145 1454 2222 vti
1489 2172 1584 2223 ex
1616 2144 2150 2250 significatione
2187 2153 2706 2255 praefatorum

495 2254 849 2330 Fratrum
886 2256 1440 2329 Heremitaru'm
1480 2252 1702 2329 nobis
1731 2252 1964 2349 facta,
2009 2263 2180 2338 satis
2210 2258 2705 2361 displicenter

496 2362 1037 2454 intelleximus,
1151 2360 1308 2437 Vos
1361 2361 1540 2463 ipsis
1595 2359 1975 2438 Fratribus
2035 2365 2439 2444 Heremitis
2484 2368 2704 2443 iuxta

493 2488 943 2574 praetactam
985 2486 1306 2545 nostram
1344 2468 1902 2570 dispositionem
1929 2523 1950 2561 ,
2004 2474 2191 2550 sales
2240 2499 2388 2569 non
2433 2473 2528 2548 ad
2572 2502 2703 2550 vg.

492 2578 734 2654 lorem
817 2577 1191 2652 dictorum
1257 2592 1758 2651 trecentorum
1828 2572 2288 2656 florenorum
2359 2585 2522 2658 auri
2568 2601 2704 2658 aut

480 2702 1016 2763 sexcentorum
1054 2681 1512 2758 florenorum
1546 2708 1686 2785 per
1726 2702 2024 2761 centum
2089 2687 2330 2763 dictae
2393 2707 2724 2765 nostrae·

490 2808 837 2870 monetae
866 2787 1116 2881 Filsr,
1175 2814 1256 2865 se
1309 2790 1744 2865 extendent.
1824 2792 1956 2866 sed
2003 2810 2284 2870 tantum
2335 2793 2430 2869 ad
2487 2796 2700 2872 valo·-

489 2928 650 2978 rem
670 2915 1193 2978 sexcentorum
1237 2896 1373 3023 per
1407 2916 1708 2972 centum
1740 2918 2080 2974 monetae
2105 2919 2404 2977 nostrae
2448 2904 2699 2993 Quar-

490 3008 690 3085 tinus
726 3004 1160 3113 appellatae,
1203 3003 1487 3083 eisdem
1505 3003 1853 3081 fratribus
1872 3002 2249 3085 heremitis
2273 3010 2574 3089 soluere
2613 3031 2700 3088 et

487 3119 855 3217 assignare
891 3110 1500 3207 consueuissetis3
1567 3115 1642 3186 in
1686 3111 1794 3188 his
1832 3118 2308 3216 praemissam
2353 3134 2696 3199 nostram

490 3221 1056 3327 dispositionem
1088 3223 1164 3319 *in
1212 3235 1546 3309 tantum,
1619 3234 1698 3294 et
1753 3220 1943 3296 adeo
1997 3221 2530 3317 diminuentes,
2610 3244 2701 3303 vt

465 3357 588 3419 ,ex
626 3325 997 3405 hiusmodi
1058 3320 1302 3401 vestra
1342 3325 1716 3401 solutione
1765 3348 1842 3404 et
1882 3328 2140 3403 salium
2189 3330 2697 3437 assignatione

489 3439 669 3540 ipsis
705 3432 1086 3517 Fratribus
1129 3430 1550 3525 heremitis,
1584 3435 1962 3509 annuatim
1986 3436 2111 3510 vix
2143 3440 2523 3540 sexaginta
2553 3439 2701 3517 flo-

487 3546 654 3621 reni
711 3545 870 3622 auri
923 3542 1435 3645 prouenirent.
1492 3536 1782 3636 Verum
1834 3566 2004 3621 cum
2059 3541 2197 3620 nos
2256 3543 2699 3625 huiusmodi

490 3653 705 3756 pium
722 3676 908 3757 opus
924 3675 1053 3724 seu
1069 3644 1415 3736 Eleemos
1417 3674 1518 3749 yn
1526 3650 1753 3733 ariam
1775 3666 2104 3725 nostram
2119 3647 2702 3757 dispositionem
2733 3658 2742 3665 ’

485 3760 570 3837 in
603 3759 809 3837 nullo
848 3755 1221 3859 immutari
1255 3781 1386 3831 seu
1426 3753 1746 3831 diminui
1775 3754 2127 3849 velimus,
2187 3759 2371 3863 quin
2431 3764 2703 3866 potius

490 3863 573 3943 in
603 3863 751 3943 hoc
779 3883 980 3947 statu
1025 3879 1103 3940 et
1140 3862 1519 3968 primaeua
1552 3881 1806 3943 nostra
1845 3861 2314 3945 ordinatione
2367 3871 2699 3946 inunt-ia·-

487 3971 748 4049 hiliter
775 3974 1011 4050 teneri
1040 3986 1116 4046 et
1150 3967 1541 4048 obseruari
1563 3969 1801 4048 modis
1834 3969 2177 4047 omnibus
2193 3973 2700 4070 intendamus,

385 4160 407 4170 ,
492 4079 866 4157 Fidelitati
908 4081 1137 4185 igitur
1178 4077 1483 4155 Vestrae
1528 4103 1622 4152 ex
1671 4094 1875 4155 certa
1916 4096 2167 4191 nostra
2223 4084 2529 4159 scientia
2571 4085 2700 4159 di·

490 4188 947 4268 strictissime
981 4185 1475 4296 praeeipimus
1514 4201 1588 4262 et
1623 4184 2101 4283 mandamus,
2157 4187 2355 4268 aliud
2400 4187 2697 4271 habere
2739 4212 2750 4221 “
