2926 4849
1944 496 1950 504 *
2047 498 2194 570 765

101 707 388 782 Ivanka
439 702 920 800 Varadiensi,
978 700 1279 780 Andr-ea
1320 705 2004 808 l'ransylvaniensi,
2042 708 2308 780 Csana-

108 816 303 891 diuo
337 814 733 918 Agriens'i‘,
788 828 865 887 et
922 811 1256 887 H‘cnrico
1310 812 1928 917 Veszprimiensi,
1968 811 2308 886 Dominis

100 923 496 1028 Episcopis
540 917 901 996 Ecclesias
939 919 1079 994 Dei
1110 918 1431 995 feliciter
1467 918 2095 1019 gubernantibus,
2148 917 2307 994 Ma-

104 1028 403 1132 gniflcis
448 1027 647 1102 Viris
684 1025 1020 1130 Philippo
1067 1025 1394 1103 Palatino
1446 1025 1738 1100 Comite
1790 1023 2305 1129 Scepusiensi,
2422 1048 2430 1059 ·

104 1150 198 1209 et
235 1133 329 1209 de
362 1131 640 1237 Ujvar,
697 1133 1083 1208 Demetrio
1131 1130 1485 1234 Magistro
1528 1133 2112 1209 Tauernicorum
2161 1157 2312 1208 no-

108 1258 444 1317 strorum
491 1235 910 1333 Bacsiensi,
946 1254 1023 1315 et
1054 1238 1645 1332 Trenchiniensi,
1680 1237 2043 1341 Magistro
2077 1234 2311 1315 Lam-

113 1365 342 1453 perto
380 1341 643 1420 Judice
683 1346 958 1422 Curiae
1002 1346 1281 1448 Regiae
1317 1363 1641 1438 nostrae,
1685 1347 1979 1419 Comite
2023 1341 2311 1422 Csana-

112 1454 403 1543 diensi,
440 1469 515 1527 et
548 1451 961 1547 Nittriensi,
1004 1453 1289 1527 Thoma
1328 1450 1662 1558 Vajvoda
1695 1453 2312 1554 'Ti-ansylvaniae,

112 1562 436 1636 Nicolao
471 1559 683 1636 Bano
719 1561 946 1634 totius
982 1558 1467 1649 Sclauoniae,
1522 1559 1817 1632 ‘Comite
1849 1557 1944 1634 de
2000 1556 2310 1651 Zonuk,

114 1665 611 1774 Soproniensi
645 1683 717 1740 et
750 1661 848 1738 de
879 1669 1320 1759 Comarom,
1357 1663 1722 1742 Michacle
1763 1664 2127 1767 Magistro
2162 1667 2311 1740 Ta·-

115 1774 601 1849 uernicorum
669 1772 1030 1848 Dominae
1097 1775 1426 1876 Reginae
1459 1829 1482 1866 ‚
1543 1773 1926 1849 Consortis
2009 1787 2308 1846 nostrae

114 1880 628 1968 charissimae,
668 1878 943 1973 Deseo,
989 1878 1254 1955 Judice
1293 1881 1559 1955 Curiae
1593 1875 1918 1955 eiusdem
1948 1878 2307 1955 Dominae

116 1989 495 2090 Reginae,
554 1984 781 2073 Paulo
818 1986 1028 2061 Bano
1059 1986 1154 2063 de
1181 1984 1494 2062 Macbov
1534 1989 1828 2063 Comite
1868 1983 2306 2082 syrmiensi,

115 2093 219 2171 de
257 2093 536 2186 Valko,
594 2108 669 2166 et
701 2092 1102 2195 Bodrogh,
1155 2092 1545 2195 Dionysio
1578 2091 1934 2197 Magistro
1990 2087 2309 2199 Dapife-

113 2226 416 2292 rorum,
473 2197 722 2274 Blasio
768 2197 1126 2303 Magistro
1168 2201 1599 2302 Agazonum
1649 2217 2079 2274 nostrorum
2132 2196 2307 2273 Ma·-

116 2309 349 2410 gistro
389 2306 702 2382 Nicolao
747 2303 950 2383 dicto
986 2306 1333 2382 Treutcrl
1380 2307 1674 2382 Comite
1722 2305 2170 2381 Temesiensi
2229 2320 2311 2379 et

119 2414 582 2503 posoniensi,
637 2438 727 2489 ac
764 2412 922 2489 aliis
958 2440 1181 2517 quam
1221 2411 1557 2516 plurimis
1590 2413 1834 2516 Regni
1862 2411 2102 2488 nostri
2142 2413 2306 2489 Co-

117 2523 422 2598 mitatus
456 2518 915 2613 tenentibus,
961 2538 1036 2594 et
1076 2520 1444 2597 Honores.

313 2627 467 2703 Nos
489 2627 760 2731 ‘itaque
797 2627 1193 2731 precibus,
1233 2645 1309 2703 et
1341 2623 2002 2732 supplicationibus
2040 2649 2309 2699 eorun-

117 2730 297 2811 dem
334 2731 621 2811 Iudicis
648 2787 670 2827 ,
724 2751 801 2809 et
841 2735 1133 2810 Cinium
1173 2731 1737 2809 Posoniensium
1779 2752 2075 2810 nostrae
2129 2729 2308 2805 Ma-

117 2841 362 2917 iestati
403 2842 761 2943 porrectis
791 2839 1029 2942 Regia
1071 2844 1336 2942 pietate
1371 2839 1741 2932 inclinati,
1775 2855 2301 2943 praeattactum

117 2947 601 3050 Priuilegium
645 2942 822 3020 dicti
870 2946 1093 3019 Patris
1131 2945 1372 3018 nostri
1394 2947 1851 3020 invenientes
1881 2948 2125 3049 ipsum
2152 2971 2305 3019 non

115 3052 457 3129 abrasum
483 3108 505 3148 ,
566 3077 713 3126 non
758 3051 1237 3126 cancellatum
1264 3105 1284 3143 ,
1342 3075 1482 3125 nec
1521 3052 1595 3123 in
1638 3049 1885 3150 aliqua
1926 3050 2039 3125 sui
2072 3066 2309 3155 ,parte

118 3160 464 3234 vitiatum
494 3158 590 3234 de
629 3156 862 3234 verbo
888 3155 981 3231 ad
1018 3157 1335 3233 verbum
1376 3157 1885 3260 praesentibus
1914 3171 2071 3230 toto
2097 3175 2308 3232 teno-

116 3293 208 3343 re
251 3269 602 3341 insertum
645 3258 1145 3369 acceptamus,
1188 3262 1724 3368 approbamus,
1753 3283 1833 3340 ct
1863 3260 2308 3339 ratificamus

119 3375 460 3449 volentes
504 3369 804 3447 eosdem
866 3374 939 3446 in
1001 3373 1414 3480 praemissis
1475 3397 1737 3447 eorum
1796 3369 2306 3446 Libertatibus

119 3479 411 3554 illaesos
443 3503 889 3554 conservare
925 3479 1102 3581 ipsis
1142 3503 1312 3553 cum
1355 3481 1821 3583 praeattactis
1843 3476 2305 3553 Libertatum

122 3585 535 3662 eorundem
576 3583 936 3661 Articulis
975 3586 1053 3661 in
1093 3584 1359 3662 eodem
1405 3588 1816 3689 expressis,
1872 3586 2107 3685 Regia
2168 3612 2309 3658 au·-

123 3692 471 3769 thoritate
509 3690 1075 3788 confirmamus,
1131 3693 1536 3797 praesentis
1573 3689 1852 3794 Scripti
1891 3690 2308 3795 patrocinio

120 3797 540 3892 mediante3
610 3800 694 3874 In
757 3798 963 3872 cuius
1018 3799 1130 3875 rei
1184 3799 1667 3891 memoriam,
1743 3797 2309 3901 firmitatemque

127 3922 565 4010 perpetuam
597 3960 618 3998 ,
698 3924 1123 4009 praesentes
1180 3904 1672 3981 concessimus
1730 3902 2007 3980 eisdem
2061 3903 2312 3981 literas

129 4027 423 4087 nostras
464 4011 956 4113 privilegiales
1014 4012 1451 4117 pendentis,
1507 4028 1584 4086 et
1624 4009 2031 4088 authentici
2071 4007 2329 4116 Sigilli³

128 4118 373 4195 nostri
409 4117 769 4224 dupplicis
808 4121 1213 4194 munimine
1245 4116 1653 4194 roboratas.
1686 4117 1956 4192 Datum
1994 4144 2134 4223 per
2164 4143 2313 4192 ma-

131 4249 278 4305 nus
313 4225 778 4304 Venerabilis
812 4225 888 4301 in
927 4224 1216 4302 Christo
1253 4225 1483 4302 Patris
1524 4223 1826 4302 Domini
1860 4224 2141 4302 Nicolai
2178 4225 2312 4299 Ar-
