2926 4849
621 369 830 504 ⁸358
951 461 964 472 ·

571 665 668 726 ne
714 638 982 724 exinde
1027 649 1440 738 sequantur
1483 633 1853 714 bellorum
1898 632 2240 710 incendia
2294 655 2471 712 cum
2516 652 2764 737 strage

570 742 895 826 fidelium
934 763 1010 822 et
1056 745 1413 828 effusione
1458 744 1829 847 sanguinis
1869 738 2277 819 Christiani.
2320 740 2764 818 Dubitamus

570 858 842 949 etiam,
873 879 971 930 ne
1010 850 1315 932 Bohemi
1355 849 1706 932 haeretici
1742 849 2013 925 fiantin
2051 865 2250 925 tanta
2285 875 2541 926 rerum
2573 869 2763 952 per·-

570 961 996 1037 turbatione
1054 958 1443 1042 validiores
1519 975 1596 1033 et
1668 958 2080 1065 paratiores
2135 954 2230 1030 ad
2313 958 2760 1033 nocendum.

574 1068 824 1162 Quare
861 1064 1389 1148 Excellentiam
1436 1082 1637 1142 tuam
1691 1091 2074 1171 rogamuS,
2113 1085 2237 1161 vt,
2292 1061 2767 1140 considerans

574 1194 842 1278 qtmnta
895 1171 1221 1274 pericula
1240 1190 1315 1256 et
1353 1172 1797 1250 detrimenta
1833 1168 2175 1247 accidere
2202 1171 2482 1276 possint
2513 1172 2587 1245 in
2630 1197 2766 1273 po-

576 1281 756 1386 pulo
789 1281 964 1356 Clu
942 1297 1209 1360 tsnano
1251 1306 1346 1358 ex
1364 1277 1785 1364 huiusmodi
1818 1278 2170 1371 nouitate,
2206 1278 2501 1353 coneris
2540 1279 2761 1354 redu·

576 1414 746 1470 cere
784 1375 1216 1490 dissidentes
1259 1384 1349 1482 ad
1387 1413 1690 1492 pacem,
1747 1404 1822 1462 et
1853 1412 2021 1460 cum
2056 1385 2255 1459 omni
2290 1380 2434 1457 fide
2477 1402 2549 1460 et
2590 1385 2761 1461 cha-

573 1496 788 1573 ritate
830 1494 1158 1572 fraterna
1206 1492 1388 1572 velis
1387 1416 1816 1578 pintendere
1847 1491 2257 1568 liberationi
2297 1488 2610 1594 Ῐιειεΐιιιί
2650 1518 2766 1568 re·

574 1601 721 1703 gis,
780 1626 1009 1703 quem
1054 1626 1348 1705 sempei
1379 1600 1681 1682 fratrem
1723 1596 2097 1725 appellare
2140 1596 2390 1674 verbis
2427 1616 2503 1674 et
2530 1596 2762 1674 literis

570 1708 1041 1784 consueuisti.
1101 1708 1251 1795 Qui
1292 1708 1576 1784 etiamsi
1618 1726 1804 1786 esset
1833 1708 2216 1794 inimicus,
2273 1723 2588 1810 propter
2629 1733 2756 1783 so·

572 1815 710 1890 lam
743 1813 1008 1916 regalis
1046 1814 1363 1892 nominis
1404 1813 1832 1914 dignitatem
1873 1812 2119 1889 hocin
2164 1838 2341 1888 casu
2392 1812 2763 1887 iuuandus

575 1940 769 1998 esset
799 1948 844 2006 a
881 1939 996 2015 te,
1055 1922 1186 2025 qui
1220 1948 1299 1997 es
1343 1922 1675 1995 omnium
1733 1945 1993 2023 regum
2048 1923 2346 2025 primus.
2404 1918 2559 1993 Nec
2606 1920 2762 2024 pati

471 2093 475 2097 .
578 2027 832 2118 debes,
888 2044 992 2102 vt
1004 2030 1410 2103 inferiores
1428 2029 1804 2104 audeant
1782 2028 2087 2102 iniicere
2111 2054 2369 2101 manus
2407 2024 2763 2102 violentas

575 2137 654 2211 in
695 2159 909 2234 teges
934 2187 956 2225 ‚
1011 2160 1338 2234 quorum
1371 2134 1682 2236 dignitas
1718 2152 1915 2212 tanta
1950 2152 2109 2229 est,
2161 2150 2242 2209 vt
2277 2160 2438 2209 eam
2486 2125 2765 2209 violare

573 2240 962 2342 sacrilegio
998 2241 1232 2316 simile
1278 2239 1633 2315 videatur.
1695 2239 1929 2318 Multa
1978 2267 2358 2366 possemus
2404 2239 2540 2315 tibi
2586 2238 2767 2316 dare

580 2343 915 2453 exempla
955 2347 1497 2453 Imperatorum
1556 2350 2112 2440 Romanorum,
2170 2349 2304 2452 qui
2356 2372 2770 2423 conserua-

507 2536 514 2543 „
583 2472 764 2531 runt
794 2480 1009 2557 reges
1045 2456 1120 2530 in
1175 2457 1420 2558 regnis
1476 2457 1669 2541 suis,
1713 2454 1809 2533 ab
1864 2456 2021 2530 aliis
2076 2454 2444 2535 violenter
2490 2458 2768 2534 eiectos

579 2563 653 2637 in
676 2586 907 2666 regna
928 2559 1411 2659 reduxerunt,
1448 2511 1839 2664 gloriosius
1871 2563 2392 2657 existimantes,
2422 2589 2636 2667 reges
2652 2589 2768 2639 re-

533 2750 542 2761 ,
582 2667 891 2745 stituere
913 2722 936 2761 ,
1029 2694 1251 2773 quam
1339 2671 1678 2745 vincere·
1769 2686 1852 2745 vt
1931 2671 2288 2772 intelligas
2324 2726 2350 2767 ,
2446 2669 2658 2773 quod
2720 2697 2768 2745 a

585 2791 709 2850 tua
754 2772 1192 2850 sublimitate
1229 2776 1681 2877 requirimus
1711 2774 1807 2853 de
1848 2776 2288 2854 liberatione
2321 2777 2566 2856 fratris
2600 2777 2711 2852 tui
2737 2832 2763 2874 ,

581 2877 950 2959 laudabile
984 2884 1304 2967 officium
1334 2886 1798 2986 imperatoris
1849 2910 2007 2959 esse
2041 2885 2397 2961 Romani.
2452 2882 2664 2989 quod
2700 2883 2768 2961 si

588 2986 775 3065 banc
812 3015 969 3066 rem
1009 3015 1178 3065 cum
1211 3010 1489 3094 quanta
1527 2994 1805 3095 poteris
1843 2991 2217 3094 diligentia
2258 3011 2335 3069 et
2360 2989 2506 3067 fide
2549 3018 2769 3115 prae-

581 3095 894 3191 stiteris,
949 3096 1284 3199 obligatis
1331 3124 1507 3173 eum
1580 3099 1758 3191 tibi,
1815 3112 1894 3172 et
1962 3124 2129 3174 cum
2164 3100 2329 3205 ipso
2365 3097 2772 3175 amicitiam

583 3220 1032 3308 perpetuam.
1062 3204 1535 3285 eonfinmatis.
1592 3206 1871 3295 Quanti
1910 3206 2109 3282 enim
2155 3207 2380 3283 faciet
2420 3204 2773 3283 benefici-

581 3334 719 3386 um
751 3308 1200 3389 libentionis
1234 3336 1451 3404 suae,
1506 3310 1569 3385 si
1609 3310 1791 3386 illud
1828 3331 1952 3390 tua
1981 3314 2511 3390 intercessione
2553 3338 2770 3389 rece-

581 3416 834 3522 perit,
875 3433 960 3495 tu
995 3435 1216 3523 potes
1246 3421 1525 3521 optime
1582 3417 1948 3513 iudicare,
2002 3421 2136 3518 qui
2188 3421 2364 3498 olim
2413 3445 2585 3524 cap
2610 3436 2771 3498 tus

583 3549 628 3598 a
660 3524 1191 3602 tuissimile
1223 3523 1819 3603 beneficium
1848 3524 1956 3600 ab
1990 3527 2220 3605 aliis
2250 3525 2760 3628 recepisti.

588 3628 887 3723 Quare,
943 3630 1048 3708 fili
1084 3631 1501 3721 carissime,
1558 3658 1795 3733 quum
1829 3633 1963 3709 tibi
2006 3634 2303 3725 occasio
2367 3633 2616 3715 oblata
2669 3634 2771 3709 sit

581 3733 1024 3833 bonitatem,
1058 3738 1569 3829 Clementiam,
1608 3756 1685 3819 et
1720 3737 2117 3823 fraternam
2152 3743 2539 3819 caritatem
2563 3760 2771 3825 tuam

579 3861 658 3919 et
708 3844 932 3919 animi
992 3844 1573 3949 magnitudinem
1634 3848 2119 3940 ostendendi,
2188 3875 2381 3952 quae
2432 3851 2513 3923 in
2562 3846 2775 3927 nulla

575 3952 712 4024 alia
734 3975 952 4026 causa
971 3956 1283 4056 per-spici
1308 3956 1534 4053 magis
1551 3971 1815 4057 potest.
1838 3971 1915 4031 et
1932 3958 2147 4034 etiam
2170 3972 2375 4031 tauto
2394 3954 2773 4033 beneficio

576 4057 953 4155 obligandi
997 4088 1248 4161 regem
1319 4078 1397 4135 et
1435 4086 1743 4161 regnum
1819 4065 2012 4154 eiua,
2055 4079 2130 4137 et
2173 4062 2247 4136 in
2287 4081 2413 4139 tua
2446 4064 2773 4143 amicitia

569 4163 1109 4259 confirmandi;
1168 4168 1343 4243 velis
1384 4194 1545 4242 eam
1607 4171 1938 4268 arripere
1978 4170 2450 4246 occasionem
2512 4189 2589 4247 et
2625 4200 2768 4247 co-
