2926 4849
824 484 974 560 868

716 695 860 773 bus
905 691 1251 769 videlicet
1298 693 1538 792 ipsum
1577 700 1898 767 castrum
1948 708 2051 764 ac'
2100 703 2441 765 annotata
2484 690 2695 796 oppida
2719 708 2762 764 et

714 803 1257 904 possessiones,
1315 821 1454 871 nec
1500 821 1653 871 non
1701 794 1959 888 villae,
2033 821 2169 898 per
2216 801 2450 901 ipsum
2499 800 2764 899 quondan

714 907 1126 985 Stiborium
1168 920 1452 979 tentum
1504 902 1645 978 fuit
1692 920 1769 977 et
1816 927 2186 1006 possessae
2228 905 2629 990 extiterunt,
2664 933 2764 978 me·

711 1031 997 1090 morato
1036 1012 1263 1087 Paulo
1306 1010 1659 1112 Magistro
1693 1008 2113 1111 Agazonum
2157 1028 2596 1105 nostrorum,
2644 1014 2760 1085 suis·

708 1126 859 1223 qu'e
899 1117 1340 1195 haeredibus
1373 1134 1450 1191 et
1494 1115 2040 1219 posteritatibus
2074 1120 2431 1192 vniuersis
2453 1173 2473 1210 ,
2540 1144 2618 1193 ex
2644 1135 2763 1191 certa

706 1227 1107 1304 Maiestatis
1150 1242 1438 1299 nostrae
1490 1224 1792 1297 scientia
1839 1239 1913 1298 et
1957 1224 2200 1298 animo
2242 1221 2652 1305 deliberato,
2688 1224 2763 1297 13ae

712 1356 1133 1434 renumque
1173 1345 1248 1405 e't
1279 1328 1877 1405 Consiliariorum
1932 1347 2355 1405 nostrorum
2406 1332 2495 1405 ad
2534 1352 2762 1435 prsaeens

713 1441 1100 1516 nobiscum
1141 1436 1612 1513 existentium
1648 1433 1741 1508 ad
1784 1434 1857 1509 id
1890 1435 2290 1511 accedente
2325 1439 2614 1513 consilio
2645 1461 2756 1540 pne

711 1562 1044 1639 maturo,
1099 1543 1194 1618 de
1231 1538 1571 1617 manibus
1600 1544 1864 1617 nostris
1902 1544 2119 1642 regiis
2155 1542 2522 1633 dedimuS,
2570 1539 2762 1619 domu}
2810 1550 2811 1553 ’

683 1677 924 1746 ·mus,
977 1669 1052 1728 et
1089 1649 1531 1726 contulimus
1556 1701 1577 1739 ‚
1630 1650 1781 1722 imo
1827 1647 2126 1740 damus,
2183 1647 2536 1726 donamus
2565 1668 2627 1724 et
2650 1675 2763 1722 con·

708 1758 1012 1836 ferimus
1057 1773 1423 1862 perpetuo
1465 1772 1542 1829 et
1584 1753 2167 1830 irreuocabiliter
2213 1773 2459 1831 tenen.
2512 1754 2761 1861 possiden

710 1869 989 1971 pariter
1034 1880 1110 1939 et
1139 1861 1409 1937 haben.
1457 1858 1676 1935 saluis
1708 1858 1993 1934 iuribus
2045 1862 2338 1957 alienis3
2416 1863 2763 1946 adiicientes,

711 1971 916 2075 quod
953 1971 1015 2046 si
1054 1969 1462 2074 praefatum
1504 1967 1806 2041 Paulum
1843 1962 2270 2068 Magistrum
2303 1970 2763 2071 Agazonumno-

710 2096 1033 2155 stt-orum
1072 2076 1168 2151 ab
1203 2073 1337 2149 hac
1376 2075 1524 2149 vita
1563 2073 1719 2149 sine
1756 2069 2157 2147 haeredum
2198 2076 2459 2150 solatio
2508 2071 2761 2150 decedat

712 2184 1106 2285 contigerit
1130 2238 1152 2274 ‚
1191 2198 1462 2258 extunc
1498 2197 2053 2284 praenarratum
2087 2197 2409 2258 castrum
2445 2174 2762 2257 Bolondoch

713 2316 886 2368 oum
922 2286 1391 2395 pertinentiis
1424 2305 1498 2361 et
1531 2284 1961 2362 vtilitatibus
1996 2289 2145 2361 suis
2184 2291 2538 2365 vniuersis
2564 2306 2761 2393 praeno·

709 2399 919 2492 tatis,
974 2395 1067 2472 ad
1099 2394 1393 2471 fidelem
1427 2412 1759 2470 nostrum
1807 2389 2259 2498 Stephanum
2304 2393 2401 2474 de
2436 2395 2608 2471 dicta
2636 2390 2758 2466 Alw

709 2505 1069 2596 Lindum,
1103 2499 1408 2579 fratrem
1447 2499 1813 2577 carnalem
1849 2500 2071 2604 ipsius
2098 2499 2302 2578 Pauli
2345 2501 2758 2603 MagistriAgt

601 2605 604 2622 ’
711 2633 984 2684 zonum
1027 2624 1494 2698 nostrorum;
1527 2606 1832 2681 deuolui
1871 2622 1946 2680 et
1978 2599 2400 2686 redundare
2438 2601 2755 2703 debeatple·

708 2741 813 2790 no
854 2716 1059 2806 iure,
1115 2738 1209 2788 ex
1248 2714 1616 2817 praesenti
1654 2717 2050 2788 annuentia
2087 2730 2164 2791 et
2204 2717 2752 2811 concessionespe·
2808 2735 2809 2764 ff

715 2821 883 2898 ciali
939 2836 1231 2899 nostrae
1283 2817 1688 2894 Maiestatis
1742 2817 1997 2900 harum
2045 2839 2461 2899 nostrarum
2500 2825 2757 2924 rigon-eet

711 2929 1140 3006 testimonio
1177 2926 1554 3004 literarum
1592 2924 1983 3001 mediante.
2040 2925 2240 3015 Quas
2271 2921 2349 3003 in
2389 2930 2655 3006 formam
2687 2943 2757 2993 no·

712 3037 847 3110 stri
885 3034 1247 3140 priuilegii
1283 3033 1520 3137 redigi
1553 3031 1945 3124 faciemus,
2002 3032 2180 3109 dum
2236 3035 2452 3110 nobis
2500 3039 2562 3110 in
2603 3025 2754 3134 specie
2808 3059 2809 3148 ᾗ

714 3139 993 3217 fuerint
1050 3157 1489 3243 reportatae.
1551 3140 1822 3216 Datum
1856 3137 2127 3242 Pragae
2179 3145 2505 3222 secundo
2540 3140 2633 3214 die
2658 3127 2756 3207 festi
2808 3179 2809 3214 ι

710 3249 924 3325 Beati
947 3245 1138 3322 Galli
1169 3243 1650 3323 confessoris.
1680 3243 1907 3319 Anno
1936 3247 2234 3322 Domini
2262 3234 2754 3334 MCDXXXVII·

710 3356 1145 3458 Regnorum
1183 3368 1604 3429 nostrorum
1637 3377 1834 3427 anno
1866 3352 2283 3457 Hungariae
2337 3374 2478 3433 etc.
2531 3355 2620 3427 LI.
2654 3346 2750 3419 Βο-

707 3459 1099 3537 manorum
1152 3458 1493 3534 XXVIII.
1546 3456 1941 3535 Bohemiae
1995 3459 2277 3537 XVIII.
2331 3459 2605 3566 Imperii
2644 3467 2747 3526 vem

710 3567 1055 3674 quarto;“

790 3716 855 3774 In
903 3707 1254 3774 membrana
1278 3705 1437 3772 bena
1469 3716 1864 3784 conseruata,
1906 3727 1939 3770 a
1975 3709 2271 3795 principio
2308 3713 2610 3798 scriptum:
2650 3695 2746 3762 mh·

896 3812 983 3875 tio
1018 3808 1329 3875 Michaelis
1362 3807 1651 3894 OrszAgb,
1672 3810 1950 3894 'supremi
1983 3809 2392 3875 Thesaurarii.
2434 3810 2652 3898 Sigillum
2673 3813 2744 3859 Μ

897 3929 989 3984 est
1032 3917 1341 4002 pendens,
1385 3913 1491 3977 sed
1544 3914 1709 3978 intus
1761 3936 1911 3977 cera·
1939 3915 2125 3979 rubra
2154 3937 2516 4004 appressum.
2553 3924 2605 3979 ln
2629 3908 2744 3972 (1⁰¹³

779 4080 788 4094 .
898 4013 1226 4112 scriptum}
1259 4004 1523 4086 Donatio
1550 4042 1736 4106 super
1764 4035 1966 4088 oestro
1997 4027 2346 4096 Bolondocz
2359 4071 2382 4100 ,
2410 4025 2557 4092 Pauli
2582 4017 2657 4084 filii
2675 4015 2742 4073 u·-

895 4135 954 4197 ni
995 4129 1071 4193 de
1112 4126 1402 4215 Lyndwa.
1448 4124 1762 4209 Scriptura
1802 4148 2025 4189 coaeua
2049 4171 2068 4202 ‚
2126 4150 2286 4213 quae
2316 4132 2373 4192 in
2402 4138 2553 4192 texta
2587 4141 2651 4181 δῦ
2679 4126 2741 4195 ¹¹⁶

891 4237 1138 4323 simplex
1177 4253 1210 4295 e
1249 4231 1454 4297 variat.
1508 4228 1835 4306 Posteriori
1867 4255 2049 4299 manu
2087 4237 2385 4303 adnotata.
2425 4229 2610 4321 Oppidi
2639 4225 2740 4300 W!-
