2926 4849
660 501 807 594 180²

556 867 740 917 Comes
781 811 1110 906 Matthaeus
1141 841 1206 893 de
1237 830 1446 891 Palae:
1467 865 1488 894 ‚
1522 828 1706 882 Judeae
1737 820 1938 877 euriae
1964 818 2173 893 regias,
2197 813 2611 897 “stimonium
2637 831 2749 868 ω..

732 958 838 1016 paer
867 951 1001 993 acea
1021 927 1377 1003 potentiori«)
1396 929 1714 994 perpetrata
1747 912 2031 982 elargitur.
2105 905 2172 963 A.
2206 902 2365 958 1429.
2601 890 2611 900 ’
2763 890 2767 894 ’

742 1043 901 1117 Nos
939 1035 1216 1108 Comes
1257 1017 1663 1100 Matthaeus
1699 1009 1796 1086 de
1825 1001 2145 1095 Paloch,
2192 999 2241 1074 J
2247 1000 2437 1076 udex
2468 998 2745 1079 Curiae

554 1148 861 1229 Domini
914 1130 1412 1242 sigismundi,
1465 1126 1609 1200 Dei
1661 1115 1937 1222 gratia,
1992 1110 2505 1185 Romanorum
2548 1110 2751 1207 regis

554 1282 853 1361 semper
903 1243 1247 1347 Augusti,
1303 1264 1391 1314 ac
1421 1229 1885 1332 Hungariae‚
1940 1212 2376 1308 Bohemiae‚
2435 1213 2748 1289 Dalma-

551 1369 695 1442 tiae
715 1420 736 1457 ,
794 1352 1134 1435 croatiae
1171 1364 1309 1424 etc.
1338 1341 1586 1442 Regis.
1634 1325 2069 1408 Memoriae
2111 1318 2753 1410 commendamus,

660 1467 759 1547 od
795 1460 892 1543 ¹in
955 1452 1534 1560 congregatione
1586 1457 1841 1516 nostra
1900 1428 2229 1535 generali
2283 1427 2757 1507 vniuersitati

550 1577 939 1657 Nobilium
977 1558 1475 1666 Neogradien.
1519 1567 1595 1630 et
1635 1547 1973 1623 Hontens
2012 1537 2517 1611 Comitatuum
2557 1532 2753 1608 feria

445 1745 454 1762 .
555 1680 876 1762 secunda
899 1735 920 1773 ‚
973 1673 1310 1778 proxima
1343 1677 1517 1737 ante
1553 1658 1828 1732 festum
1882 1647 2085 1723 Beati
2125 1642 2511 1719 Laurentii
2548 1642 2749 1715 Mar-

437 1862 440 1863 *
557 1793 742 1896 tyris
784 1814 876 1862 ex
917 1776 1248 1859 eiusdem
1295 1766 1604 1847 Domini
1651 1757 1890 1837 nostri
1927 1753 2121 1852 regis
2172 1746 2475 1853 speciali
2526 1772 2751 1825 com*

555 1898 904 1975 missione
938 1911 1180 1996 prope
1214 1879 1462 1954 villam
1495 1861 1902 1972 Gyarmath
1934 1857 2325 1937 celebrata.
2383 1854 2752 1929 Dominus

558 2004 790 2085 frater
846 1993 1220 2075 Ladislaus
1276 1977 1758 2085 Praepositae
1805 1966 2180 2047 Ecclesiae
2235 1961 2331 2039 de
2378 1958 2621 2063 Saagh
2670 1958 2749 2034 in

559 2141 691 2191 sua
728 2136 812 2183 ac
853 2105 967 2183 sui
1003 2101 1438 2176 Conuentus
1479 2081 1816 2192 personis
1848 2076 1942 2152 de
1979 2070 2228 2146 medio
2267 2069 2587 2191 aliorum
2634 2093 2756 2139 ex-
2832 2052 2839 2059 ’

566 2450 815 2533 tyrum
850 2419 1234 2499 Ecclesiae
1276 2411 1371 2487 de
1409 2401 1794 2507 Strigonio
1830 2389 2291 2481 canonicus,
2346 2386 2765 2463 decimator

566 2538 847 2613 scilicet
882 2527 1188 2605 minoris
1234 2515 1520 2596 cultelli
1573 2509 1752 2584 dicti
1800 2502 2209 2578 Comitatus
2252 2497 2575 2571 Honten.
2609 2521 2764 2567 an·-

566 2671 669 2719 no
705 2639 1041 2747 proxime
1089 2624 1490 2733 praeterito
1515 2675 1537 2713 ‚
1589 2601 1931 2718 tempore
1971 2603 2367 2681 dicationis
2415 2601 2767 2677 decima-

566 2775 736 2826 rum
769 2744 1075 2844 frugum
1118 2734 1209 2812 ad
1255 2728 1792 2837 possessionem
1821 2735 2025 2817 suam
2062 2729 2137 2787 et
2185 2709 2368 2787 dicti
2419 2709 2533 2784 sui
2571 2710 2769 2784 Con-

573 2871 841 2932 uentus
873 2839 1285 2945 Thesmagh
1327 2851 1659 2913 vocatam
1685 2882 1707 2917 ‚
1764 2823 2238 2905 accessissent
2259 2873 2281 2910 ‚
2336 2833 2415 2890 et
2446 2815 2539 2889 ad
2576 2814 2769 2889 hor-

443 3008 454 3034 ·.
575 2982 775 3056 tum,
830 2983 961 3034 seu
1000 2954 1275 3027 curiam
1316 2943 1644 3018 Thomae
1685 2930 1964 3009 Petheo
2007 2921 2438 3027 Jobagionis
2474 2947 2773 2997 eorum·

581 3069 753 3145 dem
779 3122 800 3160 ‚
853 3066 931 3141 in
968 3056 1228 3137 eadem
1263 3044 1745 3128 residentium
1785 3039 2128 3113 intrasset
2154 3086 2175 3126 ,
2231 3048 2412 3105 tunc
2457 3026 2620 3132 ipse
2655 3026 2773 3102 di·

523 3243 535 3259 ,
585 3196 786 3254 ctum
818 3169 1179 3246 'rhomam
1229 3157 1527 3235 Pethew
1587 3152 1662 3226 in
1720 3172 1850 3225 eo,
1911 3157 1994 3218 vt
2032 3138 2271 3214 solum
2315 3135 2773 3212 decem-ca-

585 3277 830 3391 petiae
866 3274 1166 3378 frugum
1204 3284 1282 3342 et
1319 3288 1472 3338 non
1506 3254 1760 3363 plures
1795 3251 1871 3326 in
1912 3245 2219 3322 decimis
2256 3243 2551 3346 abipso
2591 3267 2772 3343 pro-

469 3459 470 3462 ,
587 3390 847 3466 uenire
891 3381 1299 3466 deberent,
1351 3364 1833 3444 interfecisset
1877 3349 2357 3456 (impetiiset).
2434 3350 2777 3423 Praesci-

592 3516 823 3600 toque
870 3469 1463 3582 (Praecissoque)
1508 3475 1671 3575 ipso
1705 3464 2154 3542 Iun-amento<
2177 3455 2375 3531 idem
2409 3455 2782 3531 Dominus

597 3597 1038 3678 Valentinus
1079 3615 1233 3667 non
1285 3585 1520 3661 dictas
1579 3574 1844 3650 decem
1893 3566 2213 3668 capetias
2248 3561 2588 3664 frugum,
2642 3560 2782 3636 sed

600 3706 960 3787 tredecim
994 3696 1314 3802 capetias
1358 3687 1708 3771 dicasset,
1763 3672 1969 3754 etab
2004 3671 2271 3794 eodem
2298 3666 2581 3744 Thoma
2619 3670 2786 3790 pie-

605 4135 879 4215 ibidem
959 4153 1052 4204 ex
1120 4141 1480 4198 consensu
1565 4104 1902 4210 Magistri
1969 4096 2344 4176 Francisci
2407 4094 2501 4170 de
2561 4095 2788 4170 Zelio

601 4236 950 4325 canonici
1000 4232 1298 4313 maioris
1365 4216 1735 4300 Ecclesiae
1799 4204 2320 4312 strigoniensis
2375 4200 2734 4279 irruendo
2759 4258 2784 4300 ,
