2926 4849
648 475 741 548 12

540 672 773 762 11:30.
830 680 923 759 V.
979 681 1355 769 Codicem.
1418 684 1555 761 Via
1593 680 1776 765 haec
1808 682 2209 766 nobilitatis
2264 689 2722 794 aquirendae

536 795 777 898 patuit
810 810 963 869 tam
1001 792 1627 900 regnicolaribus,
1683 819 1907 898 quam
1965 798 2727 897 compi-ouincialibus

538 899 1001 1006 amplissima.
1811 900 1818 907 ’

730 1041 1042 1118 Nobiles
1064 1042 1139 1117 hi
1174 1046 1332 1120 veri
1370 1043 1664 1122 fuerant
1698 1073 1740 1120 a
1775 1044 2475 1147 primordioserui
2500 1067 2597 1126 tu
2625 1066 2723 1129 te

538 1155 945 1241 immuneS,
1001 1149 1091 1225 ad
1133 1151 1597 1227 militandum
1633 1150 1981 1229 duntaxat
2027 1153 2359 1230 obstricti
2401 1158 2718 1259 priuile-

594 1261 670 1336 io
730 1255 809 1333 S.
882 1254 1234 1360 Stephani
1298 1261 1738 1363 praecipue:
1798 1260 2276 1361 ‚,Principes,
2339 1264 2720 1360 Barones,

655 1367 901 1457 mites,
958 1362 1271 1458 Milites,
1325 1362 1676 1456 Nobiles,
1728 1382 1901 1443 sunt
1945 1367 2157 1469 regni
2197 1389 2717 1473 propugnatof-

542 1500 698 1567 res»,
754 1470 1180 1563 defensores
1228 1473 1721 1566 imbecilium‚
1776 1490 2320 1573 expugnatores
2362 1477 2718 1553 aduersa-

538 1580 874 1674 riorum,
928 1597 1522 1680 augmentatores
1555 1575 2174 1663 monarchiarum.
2229 1582 2342 1656 Illi
2402 1582 2546 1658 tibi·
2576 1583 2714 1659 fili!

545 1688 696 1764 sint
729 1704 975 1792 patres
995 1740 1018 1780 ‚
1051 1704 1129 1762 et
1157 1686 1461 1783 fratres;
1495 1713 1590 1762 ex
1620 1684 1730 1761 his
1768 1687 2139 1761 neminem
2181 1688 2255 1761 in
2288 1694 2716 1767 seruitutem

543 1795 837 1900 redigas
856 1795 974 1870 vel
999 1818 1300 1879 seruum
1332 1795 1694 1871 nomines.
1731 1794 1839 1867 lui
1884 1791 2018 1867 tibi
2055 1794 2375 1869 milite
2397 1816 2715 1887 nt‚.non

543 1902 941 1982 semiant‘⁶
999 1901 1213 1978 Decr.
1264 1901 1321 1977 l.
1377 1927 1540 2007 cap.
1595 1894 1726 1976 IV.
1786 1898 2204 1975 Militabant
2251 1903 2390 1977 sub
2447 1904 2722 1983 vexillo

546 2014 773 2117 regis,
829 2007 1003 2086 ideo
1030 2011 1253 2085 etiam
1282 2007 1463 2086 dicti
1502 2010 1910 2087 seruientes
1945 2011 2155 2109 regis.
2189 2007 2417 2085 Arma
2458 2013 2717 2115 primi-

543 2134 664 2197 tus
691 2119 913 2193 etiam
944 2133 1152 2193 extra
1185 2142 1499 2220 reguum
1532 2112 2181 2206 circumferebant,
2219 2131 2300 2190 vt
2334 2140 2376 2190 e
2414 2120 2718 2222 prouin-

546 2222 681 2302 ciis
710 2222 1141 2327 conquisitis
1182 2239 1425 2329 patet,
1480 2222 1861 2297 Andream
1895 2246 2131 2326 vsque
2161 2221 2262 2295 ΙΙ·
2276 2251 2422 2300 um.
2478 2227 2590 2302 Ex
2628 2224 2720 2301 it-

544 2330 632 2406 lis
664 2328 932 2407 delecti
974 2344 1148 2405 sunt
1182 2328 1762 2436 magistratuales
1794 2330 2051 2433 regni:
2098 2327 2456 2422 „Nobiles
2501 2334 2718 2437 regni
2787 2350 2803 2362 ·

544 2435 1028 2515 adhibeantur
1075 2432 1172 2510 ad
1200 2437 1672 2515 Concilium“
1702 2436 1925 2511 Decr.
1979 2435 2071 2510 A.
2121 2442 2349 2517 1298.
2392 2458 2524 2515 art.
2583 2448 2710 2518 25.

548 2548 914 2643 „Tantum
948 2543 1263 2621 Nobiles
1292 2544 1633 2646 Hungari
1664 2543 1757 2619 ad
1787 2541 2028 2618 aulam
2063 2544 2464 2648 reginalem
2500 2545 2718 2623 adbi-

544 2652 936 2729 beantur.“
980 2649 1177 2728 ibid.
1233 2669 1368 2730 art.
1426 2659 1553 2729 28.
1609 2655 1744 2748 „In
1788 2648 2110 2753 praediis
2165 2652 2313 2727 suis
2362 2671 2522 2731 toto
2580 2681 2718 2730 ae-

546 2762 752 2837 statis
789 2759 909 2835 vel
945 2761 1280 2835 autumni
1327 2775 1668 2862 tempore
1726 2755 2134 2864 papiliones
2192 2759 2714 2839 inhabitabant.
2753 2827 2766 2838 ,

548 2866 671 2944 Ad
705 2868 985 2942 curiam
1022 2869 1221 2972 regis
1259 2869 1409 2963 sui,
1463 2865 1763 2971 singulis
1815 2892 1911 2944 ex
1963 2864 2419 2969 principibus
2466 2869 2720 2946 sellam

545 2999 802 3052 secum
864 2971 1369 3078 motantibus,
1438 2973 1932 3068 conueniunt,
1998 2997 2085 3046 ac
2143 2970 2238 3047 de
2303 2999 2476 3051 suae
2532 2978 2720 3079 reip.

547 3098 739 3160 statu
780 3096 1238 3185 pertractare
1276 3108 1362 3157 ac
1398 3079 1767 3158 discutere
1806 3107 1957 3155 non
1993 3077 2408 3181 negligunt,
2433 3079 2725 3184 hyemis

549 3187 800 3293 algore
834 3191 908 3263 in
946 3186 1372 3273 domiciliis,
1429 3215 1621 3292 quae
1655 3185 1962 3270 habent,
2019 3183 2095 3259 id
2140 3186 2382 3291 ipsum
2430 3190 2726 3266 facien-

548 3296 733 3373 tes.“
788 3295 977 3373 Otto
1027 3296 1329 3399 Frising.
1384 3297 1479 3371 ad
1532 3323 1804 3388 annugn
1865 3301 2086 3370 1150.
2161 3294 2284 3369 Ad
2329 3294 2729 3372 audiendas

543 3403 743 3508 leges
780 3404 1323 3508 promulgatas,
1380 3403 1476 3476 ad
1524 3400 1872 3503 Synodos
1916 3406 2197 3502 regiaS,
2256 3428 2408 3503 qua
2466 3422 2727 3497 testes,

544 3536 1000 3614 concurrere
1045 3509 1361 3613 quibant
1396 3535 1693 3597 omnes,
1749 3508 1842 3582 ad
1884 3506 2086 3610 leges
2126 3504 2511 3595 ferendas,
2566 3513 2728 3584 ius-

545 3644 695 3722 que
734 3617 1172 3703 dicendum,
1227 3616 1522 3692 nonnisi
1581 3614 1840 3704 electi,
1896 3630 2025 3690 aut
2089 3617 2334 3694 exciti.
2353 3616 2410 3714 ²)
2477 3617 2728 3695 Aurea

625 3909 678 3996 ²)
715 3914 957 3974 Nobile·
1003 3914 1067 3975 hi
1107 3914 1237 3976 veri
1270 3914 1807 3997 singulariter
1844 3933 1881 3973 a
1915 3912 2267 3994 primordio,
2321 3913 2396 3974 acl
2431 3913 2719 3994 Comitia,

707 4036 780 4078 ac
816 4017 1109 4096 synodon,
1139 4024 1335 4102 legum
1378 4021 1749 4081 ferendarum
1784 4018 1997 4100 gratia,
2040 4036 2240 4077 omnes
2276 4019 2583 4079 conuocati
2615 4038 2721 4077 ne-

706 4140 999 4202 quaquam
1047 4121 1321 4201 fuerant3
1366 4143 1467 4184 eas
1498 4134 1776 4203 rogarant
1791 4164 1812 4198 ,
1860 4125 2257 4202 promulgata·
2289 4120 2721 4185 obaudiuerunt

709 4230 1036 4307 duntaxat,
1082 4234 1171 4295 vti
1207 4245 1370 4314 patet
1408 4250 1451 4291 ο
1488 4230 1684 4293 verbis
1720 4231 1914 4293 bullae
1947 4249 2159 4292 aureae
2197 4228 2444 4292 articulo
2472 4230 2604 4295 l-o:
2641 4233 2719 4295 Et
2760 4217 2766 4226 ⁵
