2926 4849
652 467 809 539 696

545 664 741 757 tilius
780 679 993 766 dictis
1044 676 1254 784 regio
1286 674 1719 783 et‘praefati
1767 675 2090 783 Capituli
2143 673 2569 759 hominibus
2620 709 2740 760 so·

538 788 694 865 lum
730 784 1179 890 praedictam
1223 804 1562 888 quartam
1604 803 1892 888 partem
1917 784 2115 861 dicte
2151 787 2521 891 portionis
2561 790 2743 894 ipsi-

541 921 630 969 us
677 893 863 970 Sum
892 912 973 969 vt
1006 891 1379 969 debebant
1410 895 1775 970 annotatis
1826 891 2224 969 Valentino
2275 911 2349 967 et
2393 896 2741 974 Michaeli

541 1004 987 1102 assignasse,
1045 1008 1272 1101 ydem
1322 1025 1505 1072 vero
1550 1000 1792 1099 regius
1830 1019 1905 1076 et
1955 1002 2180 1103 ipsius
2224 997 2547 1105 Capituli
2587 1005 2739 1080 ho·-

541 1099 776 1184 mines
815 1109 1283 1184 medietatem
1331 1105 1701 1181 dictarum
1747 1107 2058 1206 duarum
2126 1108 2442 1213 partium
2495 1108 2737 1216 ipsius

542 1217 1028 1322 possessionis
1066 1212 1285 1288 simul
1326 1239 1496 1287 cum
1541 1214 1781 1287 tribus
1832 1214 2168 1319 partibus
2211 1211 2409 1292 dicte
2455 1224 2738 1322 portio-

541 1324 656 1398 nis
697 1327 916 1423 ipsius
950 1322 1134 1399 Som
1172 1318 1529 1425 predictis
1562 1318 1943 1421 Stephano
1985 1341 2059 1395 et
2100 1324 2431 1428 Geor-gio
2457 1381 2479 1416 ,
2526 1326 2737 1429 juxta

542 1423 954 1536 predictam
1011 1445 1336 1524 nostram
1393 1425 1849 1527 judiciariam
1908 1428 2344 1503 sententiam
2416 1431 2733 1510 minime

541 1538 919 1627 statuisse,
974 1553 1051 1611 et
1090 1534 1195 1609 sic
1234 1536 1385 1638 ipsa
1434 1551 1678 1609 nostra
1746 1532 2123 1637 judiciaria
2171 1544 2596 1616 commissio
2660 1543 2736 1616 in

544 1662 706 1721 toto
761 1643 1153 1718 obseruata
1196 1665 1345 1743 nen
1406 1641 1624 1716 fuisse
1675 1667 1765 1715 ex
1814 1643 2243 1744 prescriptis
2292 1643 2516 1721 titeris
2553 1645 2739 1725 dieti

544 1751 862 1853 Capituli
903 1745 1361 1827 Casti-{ferrei
1408 1750 1691 1850 reperti
1738 1751 2180 1841 extiterant,
2253 1746 2488 1829 dictus
2547 1781 2736 1831 vero

544 1855 965 1960 Stephanus
1005 1858 1235 1957 ipsam
1278 1852 1753 1929 medietatem
1794 1856 2161 1932 dictarum
2208 1853 2522 1935 duarum
2564 1891 2738 1966 par·

542 1968 727 2042 tium
765 1961 1249 2067 possessionis
1292 1959 1658 2036 antedicte
1698 1982 1773 2036 et
1805 1982 1952 2040 tres
2018 1980 2269 2067 partes
2311 1965 2513 2041 dicte
2562 1988 2767 2072 por-⁸

543 2074 764 2148 tionis
803 2070 1128 2146 annotati
1179 2067 1356 2141 Som
1406 2069 1630 2144 modo
1686 2070 1899 2144 simili
1959 2095 2094 2174 per
2151 2067 2400 2146 dictos
2443 2079 2738 2178 regium

544 2199 622 2255 et
664 2181 889 2282 ipsius
930 2175 1109 2278 Cap.
1157 2175 1492 2258 homines
1515 2176 1648 2250 sibi
1676 2194 1751 2250 et
1801 2177 2003 2252 dicto
2058 2175 2387 2279 Georgia
2430 2199 2739 2257 statutas

545 2286 765 2362 fuisse
802 2301 1214 2360 asseruerat
1251 2300 1326 2357 et
1375 2309 1600 2383 super
1641 2282 1786 2357 hoc
1821 2283 2035 2357 nobis
2091 2281 2288 2355 nulia
2345 2289 2739 2366 constabat

545 2389 961 2482 vertitudo,
1021 2417 1162 2494 pr«)
1200 2415 1295 2466 eo
1332 2392 1720 2467 amicitiam
1761 2390 1933 2466 dicti
1976 2387 2291 2493 Capituli
2317 2390 2737 2473 literatorie

545 2505 991 2604 petieramus
1042 2496 1478 2601 diiigenter,
1536 2518 1903 2611 quatenus
1957 2497 2378 2597 sepedictus
2438 2508 2729 2605 regium

501 2592 617 2678 'aet
659 2610 989 2706 ipsorum
1033 2602 1369 2678 homiues
1412 2607 1481 2676 in
1529 2612 1792 2681 eorum
1852 2607 2296 2709 presentiam
2350 2632 2730 2693 conuoca-

541 2715 605 2787 ri
647 2708 1031 2800 facieudO,
1089 2711 1184 2784 ab
1221 2711 1288 2783 ei
1308 2708 1501 2783 *dem
1546 2710 1662 2801 id,
1714 2717 1771 2785 si
1810 2714 1944 2815 ipsi
1983 2715 2305 2789 termino
2362 2720 2439 2790 in
2503 2718 2728 2822 prefi-

538 2846 637 2892 κο
675 2818 1145 2893 medietatem
1199 2816 1560 2892 dictarum
1629 2819 1936 2896 duarum
2000 2822 2316 2921 partium
2374 2844 2729 2901 annotate

538 2925 1012 3028 pos-:essionis
1052 2925 1456 3014 Halastow,
1500 2952 1813 3004 necnon
1858 2945 2004 3001 tres
2045 2944 2288 3029 partes
2324 2929 2526 3006 dicte
2549 2962 2726 3035 por·

537 3035 754 3107 tionis
794 3029 1173 3135 praelibati
1213 3031 1397 3107 Som
1445 3039 1806 3110 annotatis
1846 3033 2226 3138 Stephano
2267 3054 2341 3110 et
2381 3040 2726 3144 Georgio

535 3139 739 3239 juxta
783 3137 1188 3238 predictam
1231 3156 1548 3214 nostram
1582 3139 2055 3216 Judiciariam
2092 3145 2543 3220 sententiam
2580 3164 2723 3221 sta·

538 3265 875 3336 ulerunt,
933 3264 1010 3320 et
1047 3246 1102 3314 si
1140 3246 1278 3348 ipsi
1319 3249 1557 3348 regins
1608 3269 1682 3324 et
1729 3274 1992 3323 eorum
2033 3247 2367 3329 homines
2421 3252 2722 3329 easdem

530 3353 1005 3426 medietatem
1044 3347 1407 3427 dictarum
1456 3349 1770 3430 duarum
1830 3355 2150 3459 partium
2201 3355 2485 3458 prefate
2549 3388 2719 3461 pos·

530 3461 919 3549 sessionis,
960 3475 1035 3530 et
1076 3476 1223 3533 tres
1254 3477 1505 3562 partes
1534 3461 1733 3535 dicte
1764 3462 2128 3565 portionis
2156 3467 2492 3540 annotati
2527 3466 2717 3543 Sum

526 3565 905 3665 prelibatis
939 3564 1320 3669 Stephano
1360 3584 1429 3640 et
1467 3568 1792 3672 Georgio
1836 3585 2141 3645 statutas
2179 3570 2403 3648 fnisse
2442 3600 2715 3649 assere-

526 3690 732 3765 rent,
791 3691 1062 3747 extunc
1099 3674 1372 3747 eisdem
1416 3670 1797 3777 Stephano
1842 3692 1919 3751 et
1958 3674 2290 3778 Georgii)
2333 3706 2566 3783 super
2620 3707 2712 3756 co

438 3842 447 3852 .
523 3778 770 3871 literas
807 3806 1068 3855 eorum
1108 3781 1285 3879 dare
1326 3780 1710 3860 deberent.
1767 3781 1850 3860 Si
1887 3809 2066 3860 vero
2110 3783 2250 3887 ipsi
2277 3812 2370 3861 ,se
2415 3791 2715 3886 premis·

520 3911 593 3959 sa
639 3915 790 3961 non
831 3887 1084 3961 fecisse
1131 3885 1580 3976 faterentur,
1621 3876 1811 3964 'tunc
1851 3894 2294 3993 premissum
2333 3892 2712 3969 hominem

517 3996 852 4094 ipsorum
902 3997 1479 4069 transmitterent
1524 3993 1666 4067 fide
1720 3995 2075 4096 dignum,
2153 4024 2308 4098 quo
2368 4020 2711 4103 presente

520 4101 927 4199 prelibatus
964 4097 1339 4183 Jobannes
1385 4099 1570 4177 filius
1593 4101 1804 4176 Boda
1841 4103 1934 4177 de
1972 4104 2172 4182 Bede
2196 4105 2421 4181 homo
2460 4112 2704 4211 regius

514 4205 604 4279 ad
656 4203 919 4285 faciem
965 4208 1376 4285 medietatis
1419 4207 1777 4285 dictarum
1824 4209 2133 4286 duarum
2182 4214 2502 4317 pap-tium
2540 4240 2700 4317 pos·
