2926 4849
2034 447 2175 512 771

67 650 585 750 surripientes
648 646 998 723 tenebant
1059 666 1504 751 occupatas,
1599 678 1730 753 per
1795 678 1927 727 nos
1991 658 2287 754 auspice

69 756 439 830 Domino
477 754 664 827 facta
714 780 851 827 una
886 781 1055 829 cum
1097 756 1444 830 Praelatis
1465 812 1493 846 ,
1557 759 2004 853 Bai-onibus,
2061 779 2132 834 et
2163 788 2286 861 po-

68 862 416 938 tioribus
453 860 696 960 Regni
745 862 975 951 nostri
1011 861 1457 939 Proceribus
1496 863 1656 939 fere
1697 869 1908 940 unius
1944 868 2118 940 anni
2160 872 2286 940 in·-

73 970 288 1071 tegri
351 966 589 1072 spatio
651 991 933 1040 moram
985 967 1400 1052 trahentes,
1475 998 1615 1072 pro
1664 958 1928 1046 Curiae
1996 991 2286 1047 nostrae

71 1101 171 1149 ac
212 1076 559 1178 ipsorum
596 1069 1096 1147 Praelatorum
1138 1090 1213 1147 et
1249 1074 1628 1161 Baronum
1668 1096 2087 1153 nostrorum
2127 1105 2284 1152 sus-

74 1183 553 1271 tentatione,
614 1196 688 1253 et
733 1179 1052 1284 Copiosa
1100 1181 1546 1257 victualium
1609 1181 2284 1278 administratione,

75 1306 162 1365 et
213 1289 684 1392 potissimum
723 1288 795 1359 in
844 1287 1204 1362 antefatae
1243 1307 1538 1365 nostrae
1583 1291 1912 1367 Ciuitatis
1971 1292 2287 1368 Posoni-
2400 1274 2407 1291 ’

78 1398 332 1491 ensis,
404 1411 744 1498 tempore
803 1394 1301 1470 Insultationis
1358 1408 1434 1469 et
1488 1397 1891 1474 Invasionis
1950 1397 2287 1473 eiusdem

80 1528 239 1606 per
282 1515 783 1607 praeassertos
824 1498 1198 1575 Bohemos
1249 1500 1695 1608 plerumque
1769 1502 2134 1581 hostiliter
2182 1505 2291 1578 fa-

91 1627 269 1684 ctae
312 1606 508 1684 fideli
542 1626 617 1683 et
642 1608 1009 1680 constanti
1041 1611 1647 1711 perseveratione
1669 1666 1691 1704 ,
1724 1627 1957 1711 atque
1989 1635 2287 1685 conser-

89 1721 454 1809 vatione,
518 1715 833 1789 Nostrae
905 1711 1268 1789 Maiestati
1329 1714 1775 1792 studuerunt
1827 1717 2295 1793 laudabiliter

86 1820 612 1926 complacere,
668 1844 896 1922 seque
926 1837 1173 1920 gratos
1217 1820 1536 1898 reddere
1562 1880 1581 1909 ‚
1638 1840 1717 1898 et
1754 1836 2145 1928 acceptos,
2199 1825 2289 1898 si-

86 1928 256 2003 mul
298 1954 470 2002 cum
537 1927 954 2031 praemissis
1018 1926 1525 2003 Libertatibus
1570 1946 1646 2005 et
1704 1929 2283 2034 PraerogativiS,

92 2062 185 2110 ac
222 2035 383 2108 aliis
424 2034 766 2109 omnibus
805 2050 880 2107 et
921 2030 1223 2134 singulis
1265 2037 1603 2137 superius
1634 2054 1783 2112 tam
1822 2040 1897 2111 in
1932 2052 2293 2141 praeatta-

102 2160 397 2217 ctorum
427 2141 787 2215 Divorum
806 2142 1099 2241 Regum
1126 2140 1543 2245 Hungariae
1567 2157 1992 2219 nostrorum
2018 2145 2294 2218 scilicet

97 2249 805 2330 praedecessorum,
877 2274 1106 2349 quam
1163 2248 1242 2321 in
1297 2249 1788 2325 antefatarum
1842 2250 2292 2325 Litterarum

98 2372 518 2431 nostrarum
553 2353 938 2431 tenoribus
974 2350 1344 2458 limpidius
1398 2346 1808 2450 contentis,
1863 2373 1942 2435 et
1997 2354 2305 2461 speciflf

102 2466 283 2538 catis
351 2488 551 2536 mera
625 2462 1071 2536 authoritate
1149 2464 1510 2564 imperiali
1587 2480 1814 2566 atque
1903 2467 2137 2567 Regia
2201 2489 2311 2558 ac,
2420 2489 2426 2498 ·

104 2571 493 2644 Potestatis
527 2564 1027 2673 plenitudine,
1072 2592 1167 2640 ex
1191 2585 1545 2672 certaque
1586 2568 1953 2647 Scrientia
1976 2573 2293 2649 Nostrae

105 2676 497 2760 Maiestatis
521 2732 540 2766 ,
597 2673 1104 2752 Praelatorum
1139 2676 1404 2765 etiam,
1461 2694 1540 2752 et
1576 2678 1945 2754 Baronum
1983 2696 2292 2754 nostro-

107 2812 277 2858 rum
319 2783 410 2856 ad
449 2782 524 2857 id
563 2781 967 2858 accedente
1002 2781 1328 2857 Consilio
1365 2802 1837 2884 praematuro
1863 2839 1883 2876 ‚
1941 2810 2285 2887 praenar-

109 2893 282 2980 ratis
315 2890 658 2982 CivibuS,
718 2885 1151 2993 Hospitibus
1211 2904 1285 2961 et
1326 2887 1645 2981 IncoliS,
1722 2914 1808 2965 ac
1872 2893 2004 2965 toti
2057 2888 2288 2962 Com-

109 2998 442 3071 munitati
494 3013 978 3099 praeattactae
1011 2994 1361 3068 ‘Civitatis
1413 3012 1705 3070 nostrae
1774 2995 2283 3085 posoniensis,

112 3132 204 3179 ac
235 3131 488 3178 eorum
530 3101 1136 3194 successoribus,
1192 3117 1268 3174 et
1306 3099 1863 3178 posteritatibus
1903 3102 2288 3190 universis,

114 3228 200 3285 ut
238 3209 453 3291 iidem
490 3209 580 3283 de
618 3229 951 3302 caetero,
1010 3207 1229 3283 sicuti
1274 3234 1587 3306 numero
1613 3266 1632 3300 ,
1690 3227 1765 3283 et
1799 3231 2285 3312 personarum

117 3305 572 3419 pluralitate,
628 3319 732 3390 sic
772 3318 988 3390 etiam
1029 3313 1214 3409 fide,
1284 3331 1361 3389 et
1399 3315 1794 3390 devotione
1833 3332 2278 3415 augeantur,

117 3431 588 3516 innovantes,
650 3440 1012 3525 perpetuo
1051 3422 1430 3513 valituras,
1484 3421 1765 3525 absque
1828 3421 2049 3500 alieni
2084 3418 2285 3491 Juris

115 3530 523 3638 preiudicio
563 3528 1122 3621 confirmamus,
1159 3530 1564 3631 praesentis
1597 3529 1856 3630 scripti
1892 3529 2120 3601 nostri
2162 3531 2282 3628 pa-

117 3637 428 3738 trocinio
464 3635 875 3728 mediante3
932 3640 1012 3708 In
1057 3639 1262 3709 cuius
1320 3638 1432 3709 rei
1480 3635 1917 3710 memoriam
1968 3632 2281 3706 firmita-

113 3766 413 3846 temque
453 3760 920 3845 perpetuam,
963 3757 1384 3846 praesentes
1427 3742 1930 3816 concessimus
1967 3739 2283 3812 Litteras

117 3850 397 3927 nostras
455 3846 991 3951 privilegiatos,
1069 3847 1454 3951 pendentis
1519 3847 1966 3937 authentici,
2068 3845 2288 3934 novi,

121 3955 523 4060 dupplicis,
595 3956 893 4029 maioris
957 3952 1191 4055 Sigilli
1244 3957 1478 4028 nostri
1534 3953 1939 4056 praedicti,
1998 3977 2153 4053 quo
2209 3963 2291 4022 ut

122 4070 288 4143 Rex
315 4063 728 4163 Hungariae
763 4064 1075 4154 utimur,
1119 4061 1531 4138 munimine
1559 4062 1976 4137 roboratas.
2015 4058 2294 4130 Datum

130 4200 261 4280 per
302 4192 552 4246 manus
608 4168 1069 4246 Venerabilis
1131 4166 1430 4244 Domini
1481 4165 1806 4250 Mathiae
1864 4164 1963 4241 de
2020 4160 2294 4239 Gatha-

1756 4278 1920 4350 49*
