2926 4849
628 530 790 609 '18

576 746 949 825 distin'ctir
1001 744 1400 840 „Vniuersi
1453 762 1860 820 castrenses
1901 744 1993 821 do
2048 751 2370 828 Cornust
2409 746 2762 851 impetie-

574 871 754 929 runt
786 854 1092 930 villanos
1130 851 1229 925 de
1256 849 1457 944 Sob,
1517 879 1657 954 pro
1693 852 1983 928 ciuilius
2027 857 2178 933 suis
2230 857 2479 934 coram
2521 859 2761 949 Mica,

572 959 992 1038 Bilioriensi
1055 958 1383 1052 Comite3
1438 958 1545 1032 illi
1586 976 1834 1034 autem
1894 958 2284 1057 dixerunt,
2337 990 2416 1040 se
2460 963 2762 1036 Jobba·

556 1093 856 1169 gyones
892 1092 1047 1145 esse
1083 1093 1122 1138 a
1149 1065 1667 1163 generatione3
1728 1068 1860 1169 qui
1898 1067 2175 1144 scilicet
2211 1070 2427 1145 liberi
2469 1069 2546 1145 S.
2588 1067 2761 1142 Re·-

570 1177 680 1276 gis
742 1173 1133 1263 dicuntur,
1203 1189 1282 1247 et
1353 1197 1650 1275 semper
1705 1172 1848 1248 hoc
1905 1193 2405 1270 asseruerant,
2462 1198 2538 1251 se
2584 1176 2761 1249 alias

567 1281 791 1356 etiam
847 1280 1274 1356 iustificatos
1337 1304 1537 1373 esse,
1598 1298 1860 1354 contra
1911 1282 2294 1358 vniuersos
2349 1299 2760 1360 castrenses

558 1385 665 1463 de
714 1389 1232 1463 centurionum
1288 1380 1655 1490 Sapuri.“‘
1694 1388 1878 1488 Reg.
1916 1386 2182 1463 Varad.
2220 1393 2284 1479 §-
2327 1384 2504 1464 146.
2564 1389 2762 1482 „Ci-

562 1520 693 1570 ues
740 1494 974 1569 nostri
1010 1488 1431 1583 Bolondus,
1488 1492 1581 1566 de
1632 1491 1803 1565 villa
1865 1492 2228 1594 Leginer,
2280 1499 2760 1601 impetierunt

566 1599 934 1702 quosdam
983 1598 1076 1673 de
1122 1594 1380 1672 eadem
1426 1600 1641 1688 villa,
1699 1597 1884 1673 filios
1935 1600 2419 1704 Jobbagionis
2460 1602 2537 1677 S.
2589 1603 2763 1676 Re·-

518 1709 717 1808 gis,
773 1707 1141 1782 dicentes:
1200 1702 1405 1805 quod
1466 1732 1730 1781 eorum
1788 1724 2027 1781 essent
2075 1711 2463 1799 concines,
2537 1710 2756 1783 simili

558 1816 841 1907 officio,
898 1813 1086 1890 idest
1116 1809 1372 1886 debito
1404 1813 1759 1887 castrensi
1803 1813 2298 1910 subiacentes;
2357 1819 2460 1890 illi
2502 1831 2757 1890 autem

559 1920 954 2013 dixerunt,
1009 1946 1095 1996 se
1143 1945 1301 1993 esse
1364 1916 1551 1995 filios
1609 1917 2159 2021 Jobbagionum
2215 1922 2291 1995 S.
2351 1926 2616 2024 Regis,
2675 1938 2756 1996 et

553 2028 701 2104 hoc
743 2026 1130 2120 dixerunt,
1186 2043 1267 2100 vt
1308 2024 1698 2103 Pristaldus
1730 2052 1991 2104 eorum
2027 2026 2444 2128 perhibuit,
2498 2027 2755 2131 jouba-

560 2134 817 2238 giones
855 2133 1186 2208 eiusdem
1222 2133 1479 2215 castri,
1537 2131 1880 2209 videlicet
1908 2132 2179 2225 Mathe,
2243 2136 2594 2239 Princeps
2631 2159 2756 2209 ex-

557 2241 834 2317 ercitus
877 2257 953 2315 et
988 2240 1328 2314 vndecim
1365 2242 1840 2313 centuriones
1878 2258 1956 2314 et
1994 2239 2194 2314 alii.“
2252 2243 2436 2316 [bid.
2464 2242 2527 2328 ξ.
2570 2247 2753 2317 360.

555 2346 746 2421 Cum
793 2342 1203 2440 Woiuoda,
1261 2343 1530 2420 Comes
1582 2344 1677 2420 de
1727 2345 2077 2438 Doboka,
2138 2348 2566 2451 pei-uideret
2608 2375 2754 2424 ex·-

553 2458 874 2533 ercitum
934 2480 1188 2544 suum,
1261 2445 1564 2552 quidain
1613 2478 1708 2527 ex
1759 2452 2353 2556 Joubagionibus
2415 2455 2752 2532 eiusdeni
2841 2453 2848 2458 ’

555 2563 825 2657 castri,
880 2563 1183 2636 nomine
1240 2560 1601 2650 Hereust‚
1655 2562 1853 2634 stetit
1910 2563 1992 2635 in
2036 2562 2298 2636 ordine
2352 2562 2753 2665 ioubagio-

556 2697 736 2746 num
784 2668 1268 2760 naturalium,
1340 2668 1473 2764 qui
1521 2663 1803 2741 scilicet
1867 2666 2344 2770 ioubagiones
2397 2671 2474 2747 S.
2514 2670 2752 2769 Regis

556 2777 974 2880 nuncupari
1018 2773 1276 2850 solent.
1347 2771 1563 2845 Tunc
1595 2793 2065 2850 accesserunt
2106 2776 2403 2879 quidam
2446 2777 2539 2850 de
2575 2777 2754 2849 Jou-

558 2881 1000 2988 hagionibus
1040 2879 1121 2957 S.
1156 2880 1426 2980 Regis,
1482 2878 1830 2955 videlicet
1865 2880 2133 2980 Vanoy
2177 2898 2256 2956 et
2292 2885 2621 2984 Bocsya,
2673 2899 2751 2956 et

558 2994 981 3067 reiecerunt
1018 2988 1231 3064 illum
1288 2984 1385 3060 de
1422 2983 1688 3061 ordine
1734 3012 1867 3062 suo
1906 2986 2275 3063 dicentes:
2331 2989 2536 3094 quod
2593 2992 2747 3091 ipse

434 3119 435 3122 ’
562 3123 721 3173 non
756 3114 950 3173 esset
980 3096 1074 3171 de
1110 3094 1372 3172 ordine
1408 3111 1487 3170 et
1525 3091 1825 3197 gradu
1871 3093 2422 3199 Joubagionum
2460 3094 2535 3170 S.
2582 3096 2745 3170 Re-

563 3206 709 3310 gis,
742 3221 820 3280 et
853 3200 1000 3281 hoc
1038 3201 1237 3278 idem
1272 3200 1991 3304 dixeruntKeuerug
2016 3193 2419 3303 Hodnogio
2459 3220 2535 3277 et
2549 3202 2751 3278 Keu-

561 3338 703 3388 reu
738 3308 1260 3412 Jobagiones.“
1333 3304 1520 3383 Ibid.
1559 3311 1625 3398 §.
1664 3312 1841 3384 304.
1885 3347 1989 3365 -
2025 3307 2578 3413 Jobbagionum
2613 3336 2752 3385 re·-

563 3419 807 3521 ginae,
859 3413 947 3493 ac
971 3413 1100 3492 filii
1134 3413 1214 3490 S.
1250 3416 1480 3517 Regis
1516 3415 1822 3517 vestigia
1854 3414 1932 3489 in
1972 3414 2239 3508 eodem
2265 3434 2595 3520 regestro
2641 3417 2750 3491 le-

565 3517 844 3629 guntur
878 3523 1193 3629 passim3
1244 3521 1291 3596 J
1295 3519 1805 3622 obbagionum
1836 3519 1912 3597 S.
1958 3520 2274 3599 Ladislai
2305 3522 2504 3629 apud
2538 3521 2750 3600 Ker-

524 3630 849 3716 ,chelich
881 3635 959 3706 in
993 3628 1320 3706 Historia
1359 3628 1630 3733 Eppat·
1661 3626 2104 3733 Zagrabien.

780 3737 1087 3815 Nobiles
1133 3733 1268 3813 hos
1306 3753 1715 3811 castrenses
1754 3761 1843 3811 ac
1883 3733 1961 3813 S.
2015 3735 2278 3843 Regis,
2334 3737 2470 3841 qui
2513 3753 2754 3815 aetate

560 3872 693 3923 sua
742 3859 1230 3951 supererant,
1270 3838 1697 3919 Ludouicus
1729 3867 1928 3918 anno
1980 3850 2205 3921 1351.
2260 3845 2568 3922 articulo
2621 3847 2758 3922 XI.

561 3977 739 4030 cum
789 3953 986 4029 veris
1030 3947 1428 4027 Nobilibus
1467 3950 1986 4055 ‘exaequauitt
2063 3948 2253 4045 „Ad
2315 3951 2757 4030 eorumdem

561 4058 789 4138 etiam
818 4057 1207 4137 Nobilium
1243 4086 1294 4163 p
1316 4083 1359 4132 e
1382 4057 1618 4134 titio
1640 4084 1841 4133 nem
1877 4060 2301 4142 annuimus,
2335 4076 2416 4134 vt
2450 4058 2754 4134 Vniuer-
2827 4084 2838 4098 ·

557 4167 625 4243 ei
656 4166 804 4246 viri
841 4163 1176 4262 nobiles,
1227 4167 1423 4241 intra
1460 4167 1814 4240 terminos
1862 4166 2075 4266 regni
2121 4166 2358 4243 nostri
2401 4169 2755 4242 constitu-

553 4275 610 4352 ti
636 4329 661 4372 ,
720 4273 1062 4356 eumin
1099 4268 1368 4353 tenutis
1402 4268 1781 4360 ducalibus
1805 4326 1827 4368 ‚
1881 4269 2022 4353 sub
2054 4271 2468 4356 inclusione
2503 4271 2756 4354 termi-
