2926 4849
2103 496 2256 569 205

191 708 463 785 lcamus.
500 701 802 780 sivero
838 723 979 779 nos
1021 702 1099 776 in
1134 702 1287 776 vita
1323 714 1581 778 nostra
1613 699 1932 778 eandem
1971 701 2370 807 possessio·

192 840 343 890 nem
381 809 689 889 Solmos
748 836 919 885 cum
958 809 1105 884 suis
1157 808 1768 911 pertinentiisab
1815 809 1982 913 ipso
2036 809 2366 886 Domino

190 922 541 1025 Episcopo
578 919 697 994 vel
729 914 930 993 dicto
968 918 1300 992 Rectore
1338 940 1427 990 ac
1470 917 1822 1017 ministris
1857 916 2087 1019 ipsius
2110 915 2371 1022 Capel-

186 1027 278 1103 lae
311 1054 452 1131 pro
489 1043 741 1103 nostra
775 1026 1157 1100 Maiestate
1198 1020 1428 1098 modo
1469 1039 1911 1129 praenotato
1946 1050 2102 1099 non
2138 1051 2368 1101 rece-

186 1138 525 1239 perimus,
582 1130 1114 1209 extunc-nobis
1167 1156 1262 1204 ex
1310 1128 1455 1204 hoc
1494 1132 1780 1206 seculo
1841 1149 2173 1205 vocante‘
2221 1132 2369 1208 Dei

184 1240 436 1318 iudicio
463 1239 993 1343 migrantibus,
1028 1237 1272 1313 nullus
1305 1240 1611 1313 omnino
1657 1235 2200 1314 Successorum
2234 1265 2368 1315 no·

179 1366 476 1425 stt-orum
518 1346 1094 1451 regumcscilicet
1127 1342 1599 1447 Hungariae,·
1656 1345 2045 1450 propriam
2076 1372 2368 1449 posses·
2424 1366 2431 1371 ’

180 1458 439 1530 sionem
476 1453 835 1556 Solymos
873 1469 952 1527 et
983 1477 1147 1526 suas
1190 1454 1672 1557 pertinentias
1710 1479 1857 1557 *pro
1916 1478 2370 1560 quacunque

181 1561 499 1637 cambiali
542 1560 1090 1666 permutatione
1148 1587 1190 1634 a
1243 1578 1727 1665 praenotata,
1785 1563 2168 1664 ipsiusque
2233 1588 2372 1641 re·-

180 1687 360 1744 ctore
396 1687 478 1745 et
520 1667 876 1742 ministris
911 1665 1060 1741 suis
1096 1693 1234 1769 per
1265 1692 1344 1741 se
1385 1669 1730 1773 recipere
1781 1685 1857 1743 et
1895 1667 2194 1767 auferre
2230 1694 2368 1743 va·-

179 1774 306 1850 leat
353 1773 588 1850 modo
650 1772 994 1874 aliquali:
1066 1770 1197 1847 sed
1247 1772 1578 1874 praefata
1631 1776 2000 1878 possessio
2062 1772 2367 1853 Solmos

181 1907 332 1957 cum
363 1879 668 1985 singulis
695 1884 843 1955 suis
877 1879 1349 1983 pertinentiis
1381 1899 1458 1956 et
1475 1879 1911 1957 vtilitatibus
1953 1882 2103 1956 suis
2141 1907 2371 1984 prae-

180 1993 459 2082 notatis,
521 1986 933 2092 saepefatae
967 1972 1364 2092 Capellae,
1417 2005 1496 2063 et
1554 1989 1890 2063 eiusdem
1945 1991 2235 2062 rectori
2283 2014 2377 2064 ac

180 2092 567 2190 Ministris‚
623 2092 847 2196 prout
879 2094 1169 2173 scilicet.
1192 2111 1612 2196 praetactas
1675 2095 2040 2170 Dominus
2097 2092 2367 2171 Petrus

182 2203 576 2306 Episcopus
612 2203 688 2276 in
724 2199 861 2275 hac
897 2218 1128 2302 parte.
1163 2204 1383 2275 'iuxta
1417 2228 1631 2276 suam
1667 2200 2216 2305 beneplacitam
2255 2198 2370 2275 di-

184 2312 640 2413 spositionem
687 2307 984 2405 fecerit.
1041 2328 1472 2411 permaneat
1538 2312 1613 2383 in
1659 2335 1927 2385 aeuum
1960 2360 1983 2399 ,
2041 2311 2368 2409 iureque

185 2437 527 2522 perpetuo
564 2435 640 2493 et
675 2414 1269 2492 irreuocabiliter
1305 2415 1744 2518 possidenda
1786 2413 2045 2491 harum
2091 2434 2372 2492 nostra-

183 2548 322 2599 rum
352 2525 618 2629 vigore
648 2542 725 2598 et
775 2525 1209 2600 testimonio
1258 2523 1638 2598 literarum
1690 2523 2064 2599 mediante
2094 2579 2111 2607 ,
2171 2548 2368 2623 quae

186 2628 336 2707 dum
372 2631 601 2709 nobis
640 2631 720 2706 in
758 2628 1010 2734 specie
1048 2646 1471 2736 reportatae
1519 2630 1842 2724 fuerint,
1898 2632 1975 2705 in
2035 2629 2360 2705 formam

190 2743 391 2816 nostri
422 2737 798 2845 priuilegii
855 2736 1097 2841 redigi
1144 2738 1517 2816 faciemus.
1577 2741 1850 2814 Datum
1908 2738 1983 2811 in
2045 2735 2365 2813 Kfikche

190 2843 346 2922 feria
397 2846 667 2952 quinta
726 2846 1285 2948 proxima‘ante
1339 2845 1613 2921 festum
1665 2843 2092 2920 Natiuitatis
2155 2844 2368 2919 Beati

187 2950 460 3030 Joannis
503 2951 894 3057 Baptistae.
952 2951 1178 3027 Anno
1219 2954 1535 3028 Domini
1571 2952 1974 3028 Millesimo
2011 2950 2367 3053 quadrin-

192 3065 625 3159 gentesimo,
703 3061 793 3133 tri
850 3061 1077 3134 esimo
1105 3112 1155 3151 ,.
1198 3085 1609 3166 regnorum
1656 3076 2090 3135 nostrorum
2142 3058 2364 3131 Auno

191 3161 586 3271 Hungariae
641 3086 1371 3271 quaffringentesimo
1433 3182 1708 3270 quarto
1733 3223 1757 3262 ,
1847 3166 2366 3239 Romanorum

189 3271 562 3374 vigesimo,
624 3290 700 3348 et
731 3269 1138 3349 Bohemiae
1167 3275 1542 3351 decimo.“

251 3403 295 3462 E
329 3398 714 3486 ‘transumpto
757 3400 1018 3485 Capituli
1046 3401 1356 3486 Agriensis
1387 3424 1553 3463 anno
1590 3396 1779 3464 1435.
1826 3395 1994 3461 edito
2036 3420 2094 3486 y.
2139 3395 2319 3457 infra.

1147 3543 1373 3620 LVII.

190 3687 309 3742 Idm
340 3694 730 3765 sigismundus
760 3690 1056 3765 licentiam
1080 3688 1374 3744 Nobilium
1419 3701 1694 3742 coarctat.
1733 3688 1800 3739 A.
1841 3681 2001 3739 1430.
2088 3719 2093 3724 ·

353 3802 825 3906 priuilegium
882 3795 1336 3904 Sigismuud'i
1382 3799 1908 3904 ImperatoriS,
1978 3823 2065 3871 ac
2112 3796 2205 3869 R.
2264 3794 2362 3867 H.

241 3932 324 3981 uo
372 3935 627 3985 omnes
687 3911 1064 3984 libertates
1119 3923 1196 3985 et
1245 3908 1745 3984 immunitates
1799 3902 2241 4004 monasterii,
2286 3897 2363 3973 S.

195 3932 426 4091 Pel-ucis
467 4018 1495 4121 specialiterexprimit5inter
1535 4014 1826 4113 reliqua
1869 4012 2115 4103 etiam,
2154 4003 2365 4111 quod

196 4127 655 4217 possessiones
707 4127 1042 4225 ipsorum
1096 4149 1252 4196 non
1301 4122 1628 4196 debeant
1666 4127 1723 4192 'a
1767 4120 2047 4211 seruis,
2103 4116 2363 4220 equis,

203 4226 475 4306 canibus
508 4231 891 4309 Nobilium
926 4230 1327 4308 molestari.
1388 4229 1611 4305 Anno
1661 4229 1751 4303 D.
1810 4224 2362 4300 MCDXXX-o.
