2926 4849
624 502 776 574 506

511 708 851 789 nedictus
893 710 1093 791 filius
1145 671 1519 805 eiusdem,
1589 707 1940 808 Nicolaus
2001 685 2375 815 Warayty
2428 710 2720 808 dietus,

511 819 990 919 Augustinus,
1035 824 1405 901 Antonius
1448 819 1773 897 Chekew
1825 816 2045 911 dicti3
2103 820 2384 895 Blasius
2420 819 2717 920 Angel,

397 940 403 944 ’
514 923 836 1024 Michae'l
869 927 1064 1004 filius
1098 959 1142 1004 a
1177 927 1578 1018 W'archo,
1612 926 2013 1017 Barnabas,
2039 1017 2050 1029 .
2076 922 2491 1002 Matthaeus
2527 926 2712 1001 Sar-

513 1045 668 1116 tor‚
704 1036 1116 1139 Gregorius
1160 1053 1234 1111 et
1275 1034 1528 1114 Gallus
1566 1031 1833 1110 fratres
1862 1030 2239 1125 eiusdem,
2293 1035 2484 1110 alter
2516 1030 2713 1110 Mat-

510 1135 766 1215 thaeus
799 1163 1085 1233 sartor,
1140 1143 1551 1246 Gregorius
1589 1159 1663 1215 et
1698 1137 2019 1214 Michae'l
2057 1137 2188 1214 filii
2235 1140 2562 1216 eiusdem
2613 1140 2718 1217 de

511 1244 897 1347 Warayth.
951 1251 1112 1329 Nec
1145 1278 1298 1326 non
1340 1249 1658 1323 Thomas
1695 1248 2066 1340 literatum,
2116 1244 2438 1323 Michael
2480 1247 2720 1327 frater

507 1352 839 1429 eiusdem
872 1357 1201 1433 Jacobus
1236 1353 1869 1448 Endon-,michael
1900 1351 2091 1456 filius
2127 1351 2484 1445 eiusdem,
2529 1353 2719 1429 Pau·

505 1457 617 1534 lus
674 1460 1079 1559 Literatus,
1153 1464 1534 1542 Ladislaus
1594 1460 1790 1537 filius
1850 1460 2218 1564 Georgii,
2278 1460 2715 1537 Demetrius

503 1565 694 1641 filius
745 1565 1104 1662 Ladislai‚
1180 1568 1518 1647 Mai-chin
1569 1587 1647 1646 et
1698 1566 2078 1642 Jobannes
2140 1563 2273 1641 filii
2321 1568 2710 1659 eiusdem,

502 1670 824 1749 Michael
884 1677 1142 1779 Chyk,
1211 1677 1400 1753 alter
1455 1673 1826 1767 Michael,
1909 1672 2551 1768 Bartholomaeus,
2623 1690 2709 1750 et

418 1837 423 1844 .
499 1779 843 1858 Andreas
878 1782 1005 1860 filii
1065 1784 1440 1878 eiusdem,
1496 1780 1783 1857 Blasius
1837 1777 2028 1856 filius
2081 1779 2484 1873 Anthonii,
2540 1783 2712 1856 Va·-

497 1885 821 1965 lentinus
857 1914 1174 1994 sponsus
1218 1891 1548 1967 eiusdem
1582 1889 1679 1965 de
1710 1886 2249 1964 Welsewarath
2271 1913 2304 1983 ,·
2351 1913 2437 1962 ac
2468 1888 2708 1965 Eme-

266 2091 271 2102 s
316 2063 323 2076 ,
404 2061 409 2065 ,
497 1994 696 2070 ricus
736 1995 981 2072 dictus
1016 1998 1484 2093 VVechkwd,
1517 1997 1752 2085 Elias,
1786 1992 2144 2085 Andreas,
2185 2010 2262 2071 et
2297 1992 2707 2092 Johannes,

494 2100 624 2185 filii
663 2102 928 2179 Jacobi
952 2159 973 2197 ‚
1013 2124 1091 2182 et
1130 2103 1548 2208 Stephanus
1588 2130 1903 2210 sponsus
1949 2095 2277 2177 eiusdem
2312 2100 2700 2195 schanan,

494 2207 682 2284 seria
727 2212 984 2311 quinta
1024 2217 1360 2316 proxima
1408 2231 1579 2317 post
1620 2216 1896 2288 festum
1937 2208 2024 2283 Β.
2085 2208 2398 2312 Agnetis
2448 2210 2705 2311 Virgi-

493 2317 619 2418 nis!
649 2333 728 2390 et
762 2315 1121 2417 Martyris
1146 2375 1168 2412 ‚
1224 2323 1432 2395 cuius
1469 2320 1617 2394 iam
1650 2317 1962 2421 septima
1991 2319 2295 2391 instaret
2327 2315 2708 2394 reuolutio

493 2423 876 2521 annualis,
931 2427 1279 2505 manibus
1309 2427 1614 2513 armatis
1650 2446 1724 2503 et
1756 2423 2214 2531 potentian-iis
2242 2479 2263 2518 ‚
2307 2420 2404 2497 ad
2428 2422 2734 2502 faeiem⁸

392 2606 397 2611 f
491 2546 759 2617 terrae,
783 2534 1151 2634 portionis
1213 2536 1834 2637 possessionariae
1894 2533 2231 2635 ipsorum
2289 2529 2575 2605 Prioris
2622 2549 2706 2610 et

428 2723 435 2745 ι
491 2638 931 2713 conuentus
973 2638 1167 2714 Faad
1206 2643 1994 2728 vocataeirruissent,
2052 2635 2309 2740 ibique
2366 2655 2699 2740 quatuor

487 2740 942 2845 Jobagiones
978 2746 1423 2823 eorumdem
1485 2750 1761 2831 prioris
1816 2746 1927 2829 ad·
1959 2744 2394 2821 Conuentus
2445 2746 2523 2820 in
2580 2772 2699 2823 ea·

490 2848 661 2925 dem
697 2850 893 2925 Faad
930 2853 1388 2949 residentes,
1441 2854 1521 2929 in
1561 2854 1758 2933 dicta
1810 2855 2157 2956 portione
2209 2877 2474 2928 eorum
2531 2879 2698 2954 pos·

490 2960 924 3033 sessionaria
961 2961 1164 3066 ipsos
1201 2961 1652 3066 reperiendo
1684 3013 1714 3054 ,
1766 2959 1957 3036 duos
1996 2984 2093 3033 ex
2134 2959 2310 3061 ipsis
2347 2958 2702 3037 videlicet

487 3063 1020 3163 Benedictum,
1079 3066 1309 3144 filium
1345 3068 1745 3155 Johannis,
1800 3083 1878 3142 et
1920 3065 2404 3141 Laurentium
2460 3064 2699 3143 filium

486 3170 783 3247 alterius
814 3170 1173 3251 Johannis
1196 3176 1375 3252 dicti
1406 3174 1618 3267 Thuz
1646 3170 2044 3253 miserabili
2069 3196 2270 3246 nece·
2287 3173 2702 3250 interemis-

484 3296 691 3372 sent,
726 3275 915 3353 alios
959 3306 1147 3365 vero
1185 3282 1374 3360 duos
1407 3282 1736 3389 reliquos
1770 3281 1949 3357 diris
1978 3278 2382 3355 verberum
2419 3297 2499 3356 et
2536 3280 2697 3358 vul-

482 3411 752 3460 nerum
790 3384 1024 3488 plagis
1060 3391 1511 3471 sauciassent
1543 3449 1562 3476 ‚
1619 3391 2024 3469 semiuiuos
2077 3385 2499 3487 relinquen„
2559 3411 2696 3492 po·

482 3492 714 3567 tentia
749 3491 1156 3579 mediante,
1200 3500 1274 3570 in
1310 3498 1848 3602 praeiudicium
1887 3491 2264 3567 dictorum
2302 3492 2575 3571 Prioris
2612 3511 2695 3572 et

479 3596 915 3677 Oonuentus
958 3605 1128 3677 satis
1171 3605 1452 3705 ingens.
1513 3604 1651 3678 His
1689 3608 1937 3707 itaque
1993 3596 2262 3675 habitis
2314 3597 2692 3676 idemho-

419 3732 605 3794 ymo
652 3708 900 3808 regius
936 3706 1138 3783 dicto
1178 3727 1441 3787 nostro
1488 3711 1914 3788 testimonio
1970 3723 2409 3810 praesente,
2467 3734 2689 3811 prae-

475 3810 710 3887 fatum
750 3814 1203 3915 Georgium,
1260 3813 1492 3893 filium
1523 3815 1890 3894 Anthonii
1932 3830 2007 3887 et
2043 3809 2233 3888 alios
2272 3839 2501 3917 supra
2555 3843 2696 3894 no-

473 3920 793 3996 minatos
838 3921 1104 3998 eodem
1149 3922 1294 3999 Die
1329 3940 1409 4029 et
1448 3925 1529 3999 iu
1560 3925 1750 4002 facie
1794 3918 2213 4025 quemlibet
2275 3946 2545 3998 eorum
2605 3921 2689 3998 in

471 4026 879 4131 praedietis
918 4031 1513 4133 possessionariis
1551 4034 1892 4137 ipsorum
1919 4022 2408 4133 portionibus
2444 4031 2687 4105 nomi-

412 4136 417 4143 ’
471 4149 686 4212 natos
721 4151 987 4211 contra
1028 4157 1524 4217 memoratum
1570 4138 1964 4218 Albertum
2023 4133 2367 4213 Priorem
2421 4135 2685 4213 Aura-
2779 4211 2806 4223 ,

468 4264 609 4317 nae
640 4255 719 4319 et
752 4240 1232 4323 Conuentum
1274 4245 1833 4335 cruciferorum
1872 4241 1969 4337 de
2009 4238 2210 4337 Albo
2228 4297 2254 4338 ‚
2326 4240 2425 4319 ad
2471 4260 2683 4324 octa-
2704 4240 2732 4274 ‘

1222 4510 1268 4573 “t
