2926 4849
2126 465 2272 538 ¹93

191 680 576 744 cremento
612 663 1211 740 casibus-mortis
1245 686 1626 765 exponere
1675 690 1828 740 nou
1882 682 2375 771 expauescen‘-

193 791 339 857 tes,
391 799 548 847 non
584 773 744 847 sine
772 773 1108 874 ipsorum
1140 784 1217 844 et
1251 769 1724 846 familiarium
1759 800 2018 849 eorum
2063 778 2138 850 in
2177 778 2369 856 linea

195 879 886 981 consanguineitatis
933 875 1108 981 ipsis
1160 878 1733 983 coniunctorum
1784 886 2153 985 sanguinis
2193 885 2374 962 effu-

193 989 442 1077 sione,
504 984 896 1060 laudabilia
946 982 1443 1060 exhibuerunt
1509 988 1853 1076 seruitia,
1913 1016 2133 1089 quam
2194 995 2376 1094 qui-

188 1094 357 1170 dem
409 1094 789 1168 ciuitatem
826 1107 1158 1168 nostram
1219 1091 1295 1164 in
1354 1117 1575 1165 manu
1617 1092 1831 1185 forti,
1894 1099 2055 1171 Deo
2103 1099 2376 1175 auxili-

183 1218 351 1276 ante
379 1251 406 1290 .‚
465 1200 1008 1275 reobtinuimus
1055 1214 1133 1272 et
1162 1193 1492 1273 funditus
1551 1205 1786 1278 euerti
1827 1219 1902 1277 et
1947 1203 2143 1280 dirui
2207 1205 2381 1284 feci·

182 1333 366 1383 mus.
474 1305 668 1380 Inibi
717 1307 970 1409 itaque
1013 1305 1168 1408 ipsa
1221 1303 1535 1379 Ciuitate
1582 1331 1840 1381 euersa
1868 1329 1973 1385 xet:
2029 1308 2323 1415 dirupta
2352 1368 2379 1409 ,

181 1414 552 1490 uniuersis
599 1412 873 1488 nostris
925 1408 1249 1486 'aemulis
1304 1410 1381 1485 in
1461 1408 1716 1486 eadem
1768 1415 2250 1495 existentibus
2297 1421 2376 1495 in

186 1518 714 1597 exterminium
757 1516 1027 1611 missis,
1080 1534 1159 1594 et
1190 1512 1642 1609 interfectis,
1698 1520 1854 1621 alys
1894 1525 2111 1600 etiam
2151 1553 2378 1628 quam

184 1625 531 1733 pluribus
565 1627 839 1702 nostris
882 1626 1137 1701 castris
1172 1639 1246 1701 et
1292 1622 1765 1721 ciuitatibus,
1822 1633 2382 1709 munitionibus·
2486 1622 2494 1637 ’

185 1761 334 1837 que
397 1733 855 1822 fortissimis,
908 1732 984 1805 in
1046 1727 1313 1806 eodem
1373 1757 1608 1836 reguo
1661 1752 1918 1811 nostro
1985 1737 2379 1817 Bohemiae

183 1859 256 1919 et
288 1839 818 1916 Marebionatu
848 1838 1233 1914 Morauiae
1264 1839 1790 1935 existentibus,
1848 1864 1986 1944 per
2020 1846 2219 1950 ipsos
2254 1873 2383 1923 no-

181 1966 376 2025 stros
422 1946 760 2023 aemulos
813 1942 988 2020 alias
1044 1963 1326 2021 temere
1390 1950 1796 2048 vsurpatis,
1857 1952 1934 2024 in
1991 1953 2376 2055 praedicto

183 2073 439 2131 nostro
498 2052 932 2128 exercituali
997 2074 1394 2155 progressu
1450 2079 1589 2155 pro
1643 2053 1858 2130 nobis
1929 2061 2375 2153 victoriose,

183 2160 440 2236 diuina
500 2158 800 2236 fauente
859 2158 1304 2247 clementia,
1385 2163 1881 2263 recuperatis,
1956 2168 2376 2267 nostrisque

184 2269 443 2342 ditioni
498 2284 575 2341 et
643 2263 978 2339 dominio
1029 2291 1332 2370 prorsus
1381 2267 1814 2361 reannexis,
1873 2270 2086 2347 nobis
2139 2276 2377 2378 siqui.

185 2376 352 2452 dem
418 2373 688 2449 abinde
739 2369 1053 2450 feliciter
1103 2372 1195 2447 ad
1264 2373 1570 2477 propria
1634 2379 2222 2474 reuertentibus,
2295 2381 2378 2456 in

180 2485 329 2582 ipsa
380 2508 690 2585 quoque
749 2499 994 2555 nostra
1043 2481 1473 2555 reuersio'ne
1539 2478 1830 2558 duobus
1883 2490 2180 2579 castris,
2242 2514 2377 2567 seu

180 2591 552 2687 fortalitys
603 2586 1013 2662 fortissimis
1079 2588 1409 2690 ipsorum
1478 2609 1905 2667 nostrorum
1962 2595 2375 2672 aemulato-

177 2723 345 2772 rum
373 2689 865 2801 expugnatis,
921 2695 1248 2799 ipsisque
1283 2695 1553 2770 nostris
1586 2695 2045 2794 infidelibus,
2102 2704 2179 2777 in
2213 2704 2370 2777 eis-

175 2797 344 2878 dem
383 2805 638 2877 castris
671 2803 1022 2903 repertis,
1080 2799 1519 2905 quibusdam
1564 2804 1640 2876 in
1680 2807 2129 2909 oreglady,
2190 2813 2372 2912 qui-

172 2908 494 2986 busdam
527 2934 715 2984 vero
756 2936 891 3011 per
930 2934 1246 3011 poenam
1285 2909 1743 2983 meritoriam
1782 2913 1968 3016 ignis
2012 2919 2365 3020 voragine

171 3018 628 3109 interemtis,
687 3014 779 3088 ad
823 3018 1209 3091 ciuitatem
1266 3031 1595 3090 nostram
1657 3016 1968 3094 Hrascie
2023 3019 2389 3099 vocatam‘

172 3122 760 3236 applicantibus,
825 3120 1371 3223 nonnullosque
1433 3121 1747 3218 milites,
1824 3141 1900 3200 et
1950 3126 2160 3204 aulae
2225 3153 2363 3203 no·

169 3250 361 3308 strae
400 3230 799 3305 familiares
822 3227 915 3302 ad
941 3228 1386 3331 stipendium
1428 3247 1722 3306 nostrae
1763 3227 2192 3310 Serenitatis
2218 3263 2364 3341 pro

172 3340 395 3443 ipsius
450 3339 766 3413 ciuitatis
821 3337 1395 3411 conseruatione
1450 3353 1530 3411 et
1580 3340 1903 3441 partium
1940 3360 2363 3417 nostrarum

172 3447 646 3549 superiorum
683 3441 1116 3518 defensione
1144 3442 1707 3533 dimisissemus‚
1764 3471 1944 3521 ecce
1992 3448 2361 3549 praefatus

172 3550 625 3657 Stephanus,
661 3549 872 3625 'filius
914 3550 1271 3653 praedicti
1309 3551 1625 3626 condam
1662 3555 1969 3629 Comitis
2006 3553 2358 3654 SimoniS,

167 3663 378 3735 nullo
420 3656 792 3759 pecuniali
825 3676 1079 3731 nostro
1113 3660 1317 3758 regio
1354 3658 1810 3737 adminiculo
1849 3660 2357 3764 stipendiatus,

163 3768 289 3843 sed
345 3768 426 3840 in
469 3767 783 3867 propriis
819 3764 967 3838 suis
997 3764 1416 3866 sumptibus
1446 3785 1522 3840 et
1559 3770 1900 3869 expensis
1926 3820 1947 3854 ‚
2005 3777 2174 3843 cum
2226 3797 2358 3846 co·

161 3877 372 3976 piosa
417 3898 728 3950 suorum
758 3889 848 3949 et.
883 3868 1064 3946 dicti
1095 3873 1402 3976 Georgii
1440 3872 1688 3949 fratris
1733 3874 1846 3948 sui
1891 3872 2356 3953 familiarium

163 3981 557 4074 comitiua,
633 3980 712 4054 in
774 3982 930 4082 ipsa
999 3978 1296 4054 ciuitate
1356 3997 1607 4053 nostra
1674 3980 2061 4084 Hrasczie,
2148 3984 2350 4059 iuter

164 4104 500 4164 caeteros
544 4085 801 4161 fideles
839 4099 1135 4162 nostros
1168 4087 1521 4161 remansit
1560 4100 1637 4161 et
1692 4087 1770 4161 in
1818 4088 2075 4164 eadem
2120 4116 2355 4194 vsque

162 4213 423 4271 nutum
457 4211 756 4271 nostrae
806 4192 1207 4270 voluntatis
1241 4197 1786 4302 perseuerauit:
1846 4196 2210 4299 dictisque
2240 4222 2360 4273 ae-

269 4301 486 4388 Tom.
518 4307 619 4380 X.
658 4299 829 4379 Vol.
874 4300 1036 4377 Vn.
1708 4331 1711 4336 ⁴
1880 4306 1973 4379 13
