2926 4849
678 496 826 562 888

562 704 887 805 Thymar
916 716 1290 789 vocatam,
1346 691 1524 774 cum
1556 693 1901 772 omnibus
1941 689 2092 770 suis
2127 689 2635 785 vanitatum,
2683 711 2755 769 et

557 808 1073 915 pertinentiis,
1124 820 1303 910 puta
1351 803 1574 880 terris
1625 800 2075 896 arabilibus,
2131 799 2353 876 cultis
2393 816 2482 877 et
2533 801 2755 875 incul-

557 918 693 1002 tis.
748 914 1092 1020 pratiset
1134 908 1495 1005 foenetis,
1557 910 1883 1015 campis,
1925 908 2261 1014 pascuis,
2317 906 2752 1001 montibus,

558 1021 908 1117 collibus,
960 1019 1230 1124 affluis,
1274 1017 1653 1123 virgultis,
1694 1013 2169 1110 nemoribus,
2215 1015 2469 1117 aquis,
2536 1043 2756 1120 aqua·

559 1152 881 1235 rumque
918 1124 1399 1219 decursibus,
1454 1142 1531 1201 et
1563 1122 2011 1227 generaliter
2045 1125 2331 1199 cunctis
2377 1125 2756 1226 integrita-

556 1251 718 1313 tum
761 1234 1195 1314 vtilitatibus
1215 1285 1239 1325 ‚
1276 1231 1970 1334 quomodocunque
2004 1247 2078 1306 et
2116 1226 2758 1332 qualitercunque

555 1343 843 1419 vocatis
868 1399 892 1436 ‚
962 1340 1058 1418 ad
1111 1335 1438 1415 eandem·
1481 1339 2017 1443 possessionem
2064 1336 2349 1437 Tymar
2409 1352 2750 1414 vocatam

555 1449 699 1525 rite
736 1472 825 1524 ac
859 1444 1181 1554 legitime
1209 1445 1717 1552 spectantibus
1746 1460 1825 1520 et
1864 1443 2239 1548 pertinere
2279 1440 2741 1521 debentibus

555 1580 702 1632 nec
765 1581 919 1631 non
966 1559 1128 1632 iura
1174 1567 1258 1629 et
1304 1570 1739 1659 patronatus
1789 1549 2163 1628 Ecclesiae
2221 1550 2303 1624 in
2376 1549 2751 1630 honum

554 1663 782 1739 Bmae
809 1663 1090 1744 Mariae
1132 1656 1466 1765 Virginis
1501 1656 1865 1762 gloriosae
1884 1714 1907 1752 ,
1940 1658 2020 1733 iu
2051 1655 2318 1734 eadem
2361 1657 2751 1755 fundat-e,

553 1785 1005 1847 memoratae
1041 1767 1409 1844 Ecclesiae
1450 1768 1659 1855 Beati
1693 1763 2068 1870 Stephani·
2084 1764 2316 1867 Regis
2362 1766 2465 1842 de
2497 1768 2746 1860 Alba,

557 1891 639 1952 et
677 1886 814 1980 p‘er
852 1871 1949 1980 consequensipsiConuentui
1989 1871 2434 1967 remisisset,
2491 1893 2586 1951 et
2621 1900 2747 1951 re·-

555 1982 947 2087 signasset,
1001 1982 1156 2057 imo
1192 1981 1475 2057 remisit
1506 1996 1582 2057 et
1616 1981 2018 2084 resignauit
2053 2004 2307 2055 coram
2336 1979 2585 2057 nobis
2612 2007 2749 2084 pro

555 2105 924 2193 perpetuo
960 2104 1039 2164 et
1072 2085 1670 2193 irreuocabiliter
1711 2084 2102 2162 tenendam
2129 2140 2150 2178 ,
2194 2086 2746 2189 possidendam,

557 2198 841 2301 pariter
880 2210 956 2272 et
990 2191 1426 2291 habendam.
1481 2195 1569 2269 In
1606 2192 1819 2269 cuius
1854 2195 1966 2268 rei
2004 2194 2444 2271 memoriam
2466 2251 2488 2290 ,
2521 2195 2744 2273 firmi·

561 2318 942 2405 tatemque
1001 2317 1445 2409 perpetuam
1496 2316 1918 2404 praesentes
1960 2296 2217 2374 *literas
2270 2318 2572 2377 nostras
2614 2303 2748 2408 pri·

558 2408 934 2514 uilegiales
1039 2406 1430 2515 pendentis
1533 2423 1611 2483 et
1732 2403 2133 2486 authentici
2262 2409 2488 2510 sigilli
2606 2439 2743 2486 no-

556 2518 689 2591 stri
729 2518 1136 2594 munimine
1174 2514 1565 2592 roboratas
1601 2511 1845 2590 eidem
1904 2513 2248 2590 duximus
2301 2517 2737 2593 coneeden-

558 2618 708 2698 das.
751 2621 1014 2697 Datum
1051 2622 1239 2696 feria
1273 2619 1589 2697 secunda
1612 2636 1781 2723 post
1811 2616 2078 2696 festum
2118 2622 2549 2698 Natiuitatis
2580 2627 2733 2698 Bea-

559 2728 617 2802 ti
652 2726 1008 2801 Johannis
1063 2728 1420 2828 Baptistae
1472 2725 1701 2800 Anno
1764 2724 2064 2802 Domini
2110 2727 2732 2806 MCDXXXVIL

554 2832 1008 2909 Reuerendo
1046 2834 1123 2907 in
1159 2834 1320 2910 Xto
1356 2833 1572 2907 Patre
1621 2834 1951 2910 Domino·
1981 2833 2388 2911 Benedicta
2430 2837 2740 2943 Praepo-

556 2941 739 3046 sito',
809 2939 1030 3018 Sedis
1097 2939 1572 3046 Apostolicae
1632 2938 2194 3032 Protonotario‚
2240 2943 2607 3019 Domino
2668 2963 2741 3020 et

556 3046 892 3124 Praelato
923 3060 1206 3143 nostro,
1234 3073 1323 3123 ac
1357 3045 1921 3124 honorabilibus
1945 3047 2116 3128 viris
2154 3050 2501 3126 Dominis
2532 3053 2739 3128 Eme·

451 3189 458 3193 ⁴
556 3154 717 3231 rico
756 3156 1079 3230 Cantore
1111 3210 1135 3251 ,
1187 3154 1557 3257 Dionysio
1592 3152 1961 3247 Custode,
2017 3151 2406 3256 Stephano
2437 3156 2540 3234 de
2590 3158 2729 3234 At-

555 3257 696 3353 ba,
749 3277 825 3335 et
860 3261 1099 3339 altero
1132 3259 1516 3366 Stephano
1554 3257 1650 3337 de
1683 3256 2041 3356 Nezmel,
2085 3262 2407 3339 Decauis
2462 3263 2732 3342 Eccle-

555 3366 707 3441 siae
740 3382 1037 3443 nostrae
1070 3365 1632 3446 existentibus.“
1682 3366 1771 3445 L.
1826 3365 1909 3444 S.
1968 3367 2192 3474 pand.
2500 3367 2511 3372 ’

640 3502 731 3564 Ex
764 3499 1056 3584 originali.

1444 3644 1848 3739 cnvaL
1936 3620 1941 3628 ’

559 3799 883 3874 captentur·
912 3801 1144 3858 Athama
1166 3802 1522 3872 praedicam
1553 3799 2024 3862 innodandam
2070 3819 2141 3856 oc
2194 3802 2561 3858 :machna-
2599 3818 2720 3874 pet-

748 3893 873 3964 agie
908 3906 964 3947 σε
987 3891 1317 3966 perscribit.
1350 3890 1419 3950 A.
1457 3888 1617 3947 143⁷.

749 4008 1171 4113 Capitulum
1213 4005 1580 4085 Ecclesiae
1615 4007 1957 4088 Alliensis
1999 4008 2351 4086 omnihus
2380 3993 2520 4085 ¹Xti
2568 4002 2724 4082 fide·

558 4113 752 4192 libus
788 4132 936 4208 tam
965 4113 1473 4220 praesentibus
1509 4142 1733 4219 quam
1768 4116 2035 4198 futuris
2062 4114 2555 4221 praesentium
2593 4135 2715 4188 no·

451 4289 456 4294 .
558 4221 793 4302 titiam
829 4219 1227 4342 habituris,
1283 4219 1588 4298 salutem
1627 4225 1701 4299 in
1746 4225 2076 4301 omnium
2141 4215 2546 4302 Saluatore.
2603 4215 2715 4293 Ad
