2926 4849
1085 459 1126 490 ,.

2181 508 2333 580 :397

234 709 761 787 ctificationem
805 728 884 787 et
939 710 1560 815 adaequationem
1617 713 1980 810 dictarum
2034 733 2442 811 terrarum,

243 819 679 913 vinearum,
731 835 1157 923 pratorum,
1213 837 1290 894 et
1350 819 1729 919 syluarum
1788 821 2030 897 eidem
2097 823 2444 931 Capitulo

240 927 777 1033 vesprimiensi
815 924 1275 1019 faciendam,
1311 930 1563 1029 regius
1601 949 1677 1004 et
1716 929 1895 1005 dicti
1941 931 2263 1034 Capituli
2312 935 2442 1008 Al-

232 1034 484 1109 bensis
521 1033 861 1112 homines
880 1036 1280 1107 transmitti
1322 1033 1604 1110 debere
1639 1037 1770 1112 visi
1811 1037 2139 1127 fuerint,
2180 1068 2318 1144 pro
2344 1069 2441 1119 eo

231 1143 626 1218 amicitiam
661 1139 992 1216 eiusdem
1025 1141 1341 1243 Capituli
1388 1144 1787 1218 literatorie
1827 1146 2279 1246 potieramus
2328 1149 2439 1223 di-

235 1247 589 1350 ligenter,
648 1267 1016 1350 quatenus
1058 1249 1390 1350 ipsorum
1425 1254 1809 1325 mitterent
1844 1250 2218 1347 homines,
2294 1283 2438 1361 pro

233 1359 568 1456 Vtrisque
605 1355 986 1463 partibus,
1039 1382 1180 1459 pro
1220 1359 1654 1430 testimoniis
1696 1357 1838 1432 lide
1882 1358 2147 1463 dignos
2178 1414 2198 1451 ,
2255 1365 2436 1464 qui·-

231 1461 375 1535 bus
466 1462 922 1540 raesentibus
954 1463 1177 1539 homo
1217 1464 1466 1565 regius
1498 1461 1591 1536 de
1630 1466 1854 1540 Curia
1890 1471 2085 1567 regia
2126 1495 2264 1572 per
2298 1497 2434 1562 nos

227 1567 382 1644 adi
478 1571 898 1675 specialiter
936 1571 1441 1666 transmissus,
1495 1590 1769 1647 octauo
1826 1573 1950 1648 die
2008 1572 2175 1653 festi
2233 1576 2430 1654 beati

225 1673 578 1753 Andreae
612 1676 960 1780 Apostoli
995 1694 1171 1752 tunc
1212 1680 1505 1753 venturi
1541 1695 1616 1754 et
1651 1679 1916 1755 diebus
1969 1679 2060 1754 ad
2113 1682 2191 1757 id
2240 1687 2431 1786 aptis

223 1803 301 1858 et
331 1782 860 1861 sufficientibus
878 1776 908 1874 ,⁹
957 1781 1049 1856 ad
1086 1786 1352 1859 faciem
1390 1783 1630 1859 dictae
1678 1771 2160 1891 possessionis
2209 1789 2433 1896 Nagy

228 1889 499 1966 Pechel
537 1908 869 1982 vocatae,
901 1891 1162 1965 vicinis
1199 1918 1293 1966 ex
1328 1895 1859 1973 commetaneis
1892 1895 2224 1971 eiusdem
2271 1898 2431 1972 vni-

222 2000 461 2072 uersis
500 1998 681 2074 inibi
721 1999 1045 2101 legitime
1085 2002 1552 2085 conuocatis,
1610 2027 1699 2074 ac
1754 2001 2094 2103 legitimis
2142 2030 2428 2107 procu-

218 2105 598 2184 ratorihus
633 2105 1010 2179 dictorum
1057 2105 1470 2207 Praepositi
1520 2108 2165 2210 et·Capitulorum
2217 2139 2428 2213 prae-

214 2213 550 2289 sentibus
603 2208 1071 2301 accedend0,
1163 2214 1411 2316 primo
1497 2213 1807 2289 eandem
1886 2217 2424 2316 possessionem

214 2319 434 2422 Nagy
454 2317 715 2397 Pecbel
754 2318 1085 2423 perillas
1117 2337 1349 2395 metas
1384 2321 1526 2398 sub
1565 2321 1838 2427 quibus
1879 2341 2203 2426 protunc
2242 2351 2419 2398 ean-

214 2427 392 2502 dem
431 2428 739 2534 praefati
788 2429 1250 2531 praepositus
1294 2450 1369 2505 et
1423 2431 1849 2526 Capitulum
1908 2431 2250 2507 Budense
2307 2421 2460 2508 tte-⁸

219 2554 490 2611 nerent
539 2556 615 2613 et
652 2533 1157 2640 possiderent,
1216 2535 1813 2629 reambularent,
1873 2540 2217 2642 finemque
2265 2534 2421 2644 ipsa

213 2643 806 2721 reambulatione
844 2641 940 2716 de
982 2642 1330 2719 omnibus
1382 2642 1716 2720 eiusdem
1768 2645 2252 2739 vtilitatibus‚
2308 2648 2419 2721 vi-

210 2747 485 2825 delicet
521 2752 787 2841 terris,
845 2747 1290 2843 arabilibus,
1347 2749 1565 2827 cultis
1624 2768 1697 2826 et
1754 2752 2089 2842 incultis,
2148 2753 2418 2844 vineis,

210 2855 593 2933 montibus
646 2859 1073 2947 vinearum,
1155 2881 1292 2930 nec
1349 2884 1503 2933 non
1562 2858 1793 2961 pratis
1852 2877 1927 2935 et
1984 2861 2252 2957 syluis,
2324 2860 2419 2935 ad

209 2964 709 3069 praescriptas
745 2990 874 3038 sex
917 2964 1196 3047 curias,
1253 2988 1384 3040 seu
1422 2970 1782 3040 sessiones
1839 2964 2367 3068 iobagyonales
2393 3022 2415 3057 ,
2480 3014 2483 3021 -

204 3072 514 3146 antefati
559 3072 879 3176 Capituli
929 3069 1488 3170 vesprimiensis
1528 3071 1617 3145 ad
1660 3071 2070 3177 quamlibet
2111 3100 2410 3148 earum-

203 3177 377 3252 dem
426 3196 539 3255 tot
586 3196 664 3256 et
712 3197 1043 3267 tantum,
1105 3177 1310 3281 quod
1362 3177 1716 3252 videlicet
1755 3193 1829 3252 et
1877 3198 2233 3281 quantum
2274 3204 2417 3254 vna

207 3286 437 3359 Curia
498 3314 631 3364 seu
715 3288 946 3362 sessio
1001 3285 1496 3389 iobagionalis
1569 3284 1949 3360 dictorum
2034 3285 2414 3391 Praeposi-

201 3395 259 3467 ti
295 3411 373 3468 et
421 3394 737 3498 Capituli
771 3397 848 3467 in
884 3389 1142 3468 eadem
1182 3394 2059 3496 possessioneexistens,
2126 3408 2415 3470 teneret

200 3517 847 3594 ercensernaret,
905 3524 1043 3607 per
1078 3518 1363 3577 rectam
1425 3519 1499 3575 et
1548 3526 1961 3605 congruam
2026 3496 2413 3603 adaequa·

203 3608 492 3682 tionem
525 3607 735 3684 daret
775 3626 847 3683 et
879 3609 1320 3708 deputaret,
1376 3633 1465 3681 ac
1509 3607 1903 3682 statuendo
1945 3606 2410 3713 relinqueret

196 3731 276 3790 et
318 3718 815 3792 committeret
852 3716 1097 3789 eidem
1144 3713 1493 3818 Capitulo
1531 3712 2072 3819 vesprimiensi
2125 3741 2408 3821 perpe·

198 3836 331 3896 tuo
369 3822 740 3925 possiden.
791 3819 1393 3897 ‘contradictione
1435 3837 1512 3896 et
1547 3849 1699 3897 non
1745 3823 2115 3897 venientia
2154 3820 2406 3898 dicto-

192 3956 360 4003 rum
389 3928 793 4036 Praepositi
831 3946 906 4005 et
942 3929 1266 4031 Capituli
1300 3927 1656 4005 Budensis
1682 3954 1830 4003 non
1867 3928 2244 4006 obstante:
2297 3930 2408 4005 vi-

192 4038 353 4112 neis
389 4056 673 4133 autem,
736 4056 812 4113 et
847 4037 1061 4113 terris
1098 4034 1557 4125 arabilibus,
1615 4058 1704 4110 ac
1763 4038 2038 4139 pratis,
2094 4036 2159 4112 si
2220 4064 2407 4140 quas

194 4160 275 4218 et
312 4169 508 4247 quae
551 4147 776 4222 iidem
826 4142 1289 4245 iobagyones
1349 4145 1675 4250 partium
1721 4168 1764 4216 a
1822 4143 2222 4220 Nobilibus
2276 4166 2405 4219 ex-

196 4254 470 4326 traneis
505 4258 741 4356 pretio
775 4268 1328 4355 comparassent
1351 4306 1371 4339 ,
1429 4247 1715 4325 eisdem
1756 4248 1977 4326 saluis
2016 4248 2403 4329 remanen-
