2926 4849
696 480 847 559 928

586 714 737 766 nen
792 680 1376 791 sehameisier.
1494 682 1766 758 Datum
1816 680 2022 787 lglau
2097 680 2233 758 xl.
2278 682 2473 788 Aug.
2528 682 2725 760 mco.

586 791 935 873 xxxvi
2258 854 2265 873 ,

673 924 721 982 Ε
752 914 1053 980 tabulario
1086 935 1135 976 s.
1170 934 1224 975 a.
1259 915 1374 977 W.

1558 1103 1807 1181 XXII.

589 1250 804 1321 anodi
819 1247 1182 1303 asa-silemsis
1207 1244 1513 1316 sacrificia
1544 1264 1653 1321 pro
1685 1251 1894 1304 amiam
1928 1249 2261 1305 Graecorum
2286 1250 2627 1322 exequenda·
2685 1249 2738 1300 A.

599 1340 604 1345 ·
786 1338 950 1394 1436.

784 1446 1016 1528 Sacro
1059 1467 1310 1553 sancta
1367 1450 1724 1557 generalis
1777 1448 1889 1554 Sy
1890 1449 2130 1533 nodus
2166 1454 2322 1530 Bas.
2358 1495 2472 1513 -
2507 1493 2608 1508 -
2648 1450 2738 1523 Di·

505 1582 514 1603 ·
593 1558 785 1637 lecto
812 1557 1142 1645 Ecclesie
1179 1556 1371 1643 filio,
1427 1556 1659 1637 nobili
1701 1557 1889 1636 Viro
1947 1559 2328 1637 Friderico
2378 1561 2571 1637 Duei
2616 1557 2740 1631 Au·

593 1665 819 1749 atriae
852 1718 874 1758 ,
925 1663 1247 1763 salutem
1277 1681 1358 1749 et
1384 1665 1913 1788 omnipotentis
1960 1664 2099 1751 Dei
2136 1662 2736 1744 benedictionem.

593 1773 786 1862 Quia
821 1797 957 1874 pro
980 1773 1417 1847 executione
1448 1771 2026 1875 promissionum
2046 1799 2230 1877 quas
2266 1772 2739 1851 fecimusGre-

595 1883 701 1955 cis
746 1895 1058 1984 propter
1121 1877 1640 1954 reductionem
1695 1881 2029 1981 ipsorum
2077 1882 2496 1956 necessaria
2565 1876 2741 1953 nobis

578 1984 706 2062 'est
738 2011 1004 2090 magna
1040 1986 1522 2109 pecuniarum
1566 2009 1891 2077 summa,
1944 2009 2229 2085 equum
2263 2014 2427 2064 esse
2469 1987 2736 2062 arbitra-

593 2119 802 2184 mur,
856 2094 1246 2197 requirere
1286 2092 1659 2195 principes
1699 2089 2137 2185 catholicos,
2198 2093 2444 2199 qualis
2487 2110 2597 2169 est
2636 2092 2741 2164 Ex·

593 2199 934 2276 cellentia
974 2217 1144 2290 tua,
1197 2209 1281 2271 vt
1338 2224 1478 2301 pro
1520 2212 1725 2273 tanto
1770 2197 1977 2275 bono
2024 2201 2203 2276 ve‘lit
2247 2201 2474 2276 nobis
2522 2198 2737 2275 saltem

467 2400 484 2421 f
593 2308 896 2407 nomine
951 2305 1187 2381 mutui
1251 2302 1657 2393 subsidium
1721 2303 1991 2381 facere.
2082 2306 2173 2382 Et
2220 2335 2384 2383 cum
2442 2332 2581 2413 pro
2625 2305 2734 2378 isto

593 2414 968 2520 principio
1004 2439 1141 2518 per
1172 2427 1413 2488 totum
1467 2411 1812 2488 videlicet
1852 2439 2181 2491 mensem
2220 2414 2554 2491 Januarii
2585 2436 2735 2519 pm·

594 2521 794 2596 xime
855 2534 1295 2624 sequentem
1353 2519 1769 2600 necessaria
1815 2518 2033 2597 nobis
2101 2524 2243 2598 sint
2308 2520 2733 2626 septuaginta

594 2627 800 2702 milia
854 2623 1332 2719 ducatorum,
1387 2624 1877 2728 deprecamur
1922 2627 2457 2704 Excellentiam
2498 2627 2564 2700 T
2568 2652 2732 2711 uam

596 2750 680 2810 ut
725 2732 902 2830 velit
950 2731 1164 2808 nobis
1199 2730 1531 2836 predicta
1583 2736 2040 2838 septuaginta
2085 2734 2283 2812 milia
2326 2735 2730 2812 ducatorum

595 2859 978 2932 mutuare,
1034 2856 1332 2952 prout
1292 2838 1503 2914 latius
1548 2855 1673 2915 tue
1716 2840 2200 2918 Excellentiae
2245 2842 2570 2919 Dilectus
2612 2838 2732 2913 Ec·

598 2946 819 3024 clesie
874 2945 1062 3021 filius
1111 2923 1394 3049 Gaspar
1451 2945 1697 3023 Frowi
1751 2945 2226 3026 decretorum
2276 2948 2581 3039 doctor,
2627 2946 2727 3019 Ca·

597 3056 909 3131 nonicus
940 3052 1256 3128 ecclesie
1293 3049 1911 3147 constantiensis,
1976 3055 2255 3146 Orator
2300 3074 2550 3132 noster
2600 3053 2727 3142 (ex

597 3159 903 3266 ponet),
959 3161 1080 3235 cui
1137 3159 1217 3233 in
1269 3158 1620 3264 predictis
1673 3160 1958 3263 placeat
1998 3162 2345 3240 adhibere
2394 3160 2723 3238 credentie

598 3265 894 3372 plenam
946 3263 1185 3342 fidem.
1275 3268 1544 3341 Datum
1598 3266 1921 3361 Basilee,
1974 3268 2098 3346 die
2153 3272 2438 3346 xxm.
2498 3260 2714 3344 Octob·

507 3381 510 3384 ’
598 3371 1284 3485 MCCCCXXXVI.
1321 3371 1898 3450 Bai-tholomeus.
1908 3375 1957 3416 “

683 3505 848 3564 Kurz
881 3499 923 3564 1.
953 3521 1008 3566 o·
1033 3522 1096 3586 p.
1133 3502 1279 3566 259.
1316 3522 1355 3564 e
1383 3498 1688 3563 tabulario
1719 3521 1766 3564 s.
1805 3523 1864 3564 a.
1901 3503 2107 3570 VVien.

1307 3823 2102 3882 Μ
