2926 4849
626 472 767 549 5112

516 678 855 778 Damiflni
915 668 1337 774 Martyrum
1392 673 1734 778 proxime
1798 674 2282 775 praeteritum
2305 726 2328 768 ‚
2410 661 2513 766 in,
2552 673 2718 748 Go-

515 787 786 882 mitatu
848 779 1203 857 Tolnensi
1271 778 1491 861 simul
1577 778 2064 884 procedendo
2100 835 2123 872 ,
2190 778 2297 855 ab.
2361 778 2714 856 omnibus

522 891 812 995 quibus,
855 884 1239 986 ,deguisset
1300 906 1377 962 et
1428 887 1751 963 licmsset
1781 943 1804 980 ,
1878 886 2249 964 nobilibus
2301 887 2584 962 scilicet
2637 906 2718 964 et

523 993 1018 1101 ignobilibus,
1075 1019 1161 1067 ac
1203 991 1510 1071 alterius
1563 993 1889 1073 cuiusuis
1934 1010 2169 1071 status
2219 993 2725 1070 etconditio-

520 1108 635 1184 nis
701 1100 881 1180 dicti
961 1098 1898 1192 Comitatus'hominibus‚
1985 1102 2224 1205 palam
2275 1117 2354 1175 et
2418 1098 2718 1176 occulte

521 1207 917 1311 diligenter
971 1205 1427 1308 inquirendo
1466 1263 1488 1303 ‚
1565 1206 1789 1281 talem
1860 1205 1954 1281 de
2021 1206 2506 1311 infrascriptis
2561 1209 2721 1281 sci-

525 1320 804 1393 uissent
835 1330 911 1390 et
951 1315 1496 1417 comperissent
1532 1312 1997 1391 certitudinis
2044 1317 2468 1395 veritatem:
2517 1314 2728 1401 Quo-

526 1421 754 1498 modo
829 1420 1221 1522 Magnifica
1298 1422 1615 1495 Domina
1685 1419 1978 1524 Adniga
2058 1438 2363 1513 vocata,
2459 1422 2730 1496 relicta

529 1527 909 1631 Magnifici
965 1528 1122 1601 Viri
1155 1527 1509 1622 Johannis
1563 1525 1656 1601 de
1702 1526 1948 1618 Gara,
2008 1528 2362 1632 quasdam
2425 1553 2731 1631 magnas

529 1634 929 1744 particulas
971 1652 1240 1730 terrae,
1299 1634 1546 1736 syluas
1581 1633 1738 1716 siue
1771 1633 2044 1710 dolabo
2063 1636 2167 1728 (22)
2207 1659 2542 1726 nemora,
2577 1635 2730 1707 vir—

225 1759 231 1772 ·
339 1795 348 1804 „
451 1826 459 1835 ,
528 1741 775 1848 gulta,
830 1758 1082 1845 prata,
1125 1741 1470 1834 sueonia,
1525 1766 1616 1816 ae
1655 1759 1945 1816 montes
1997 1742 2430 1831 vinearum,
2503 1739 2734 1844 plus-

532 1874 760 1952 quam
801 1843 894 1922 ad
936 1845 1091 1921 duo
1140 1846 1371 1922 millia
1427 1848 1683 1951 iugera
1727 1863 2099 1924 terrarum
2143 1875 2222 1926 se
2289 1845 2728 1923 extendent.

532 1955 1196 2056 contra‘legitimas
1239 1952 1783 2058 prohibitiones
1821 1983 1959 2060 per
2000 1955 2408 2060 legitimum
2453 1943 2759 2057 procu·⁸

535 2082 862 2160 tutorem
917 2061 1010 2134 ad
1078 2063 1618 2168 possessionem
1662 2063 1893 2166 ipsius
1938 2065 2367 2138 Conuentus
2419 2061 2741 2161 Gyanth

536 2186 868 2249 vocatam
902 2174 1270 2272 pertinen.
1303 2171 1382 2251 iu
1416 2168 1617 2246 dieto
1641 2170 2014 2245 Comitatu
2043 2168 2741 2246 Tolnensiexisten-

537 2297 739 2366 tem,
794 2291 1059 2352 contra
1099 2277 1515 2378 legititimas
1561 2275 2110 2380 prohibitiones
2148 2274 2425 2351 ibidem
2469 2272 2741 2366 sactaS,

539 2385 722 2462 feria
748 2400 952 2458 sexta
988 2388 1325 2486 proxima
1367 2399 1536 2483 post
1573 2381 1843 2462 festum
1885 2382 1977 2458 ad
2012 2384 2297 2459 vincula
2323 2381 2575 2457 Sancti
2597 2381 2742 2458 Pe-

538 2494 637 2568 tri
682 2492 1066 2594 Apostoli,
1121 2492 1197 2566 in
1230 2519 1422 2565 anno
1468 2494 1676 2565 cuius
1703 2494 1843 2565 iam
1879 2508 2141 2597 quarta
2176 2494 2479 2567 instaret
2511 2516 2745 2566 reuo-

539 2598 772 2689 lunio,
831 2600 1072 2674 minus
1108 2599 1294 2673 iuste
1334 2616 1410 2672 et
1442 2596 1776 2674 indebite
1818 2624 2052 2675 nouas
2081 2617 2318 2675 metas
2360 2595 2456 2674 de
2516 2622 2746 2673 nouo

539 2731 686 2813 pro
726 2730 802 2778 se
833 2721 910 2778 et
946 2704 1092 2778 suis
1125 2703 1462 2808 prolibus
1501 2705 1686 2803 erigi
1729 2721 1803 2778 et
1844 2705 2127 2781 eleuat-i
2163 2725 2240 2781 et
2281 2704 2745 2780 reambulari

539 2840 684 2887 vna
720 2837 890 2886 cum
918 2812 1338 2888 testimonio
1379 2812 1700 2915 Capituli
1726 2811 2094 2887 Ecclesiae
2130 2812 2477 2888 Albensis
2514 2812 2743 2887 fecis-

541 2937 698 3014 set,
754 2918 879 2992 lite
920 2935 1160 2993 tamen
1214 2918 1410 2993 inter
1445 2919 1649 3021 ipsos
1709 2919 2119 3023 pendente,
2178 2923 2507 3025 potentia
2559 2945 2740 2994 me-

543 3024 790 3102 diante
812 3076 842 3117 ,
893 3028 970 3100 in
1011 3023 1543 3128 praeiudicium
1577 3024 1752 3103 dicti
1794 3028 2220 3103 Conuen'tus
2261 3047 2334 3101 et
2377 3026 2745 3103 damnum

544 3129 757 3210 valde
788 3158 1157 3234 magnum.
1220 3133 1493 3206 Datum
1542 3135 1807 3235 quinto
1864 3132 1982 3208 die
2035 3128 2180 3216 diei
2234 3136 2744 3236 inquisitionis

546 3237 993 3346 praedictae.
1050 3239 1281 3313 Anno
1326 3238 1618 3325 Domini
1652 3239 2053 3315 Millesimo
2101 3240 2745 3346 quadringentesi-

409 3338 458 3369 “’
546 3372 674 3421 mo
717 3346 1092 3449 trigesimo
1128 3347 1471 3449 quart0.“

630 3495 680 3554 E
704 3489 1058 3552 membrana
1095 3489 1387 3574 originali·
1419 3490 1762 3573 Capitulum
1793 3478 2123 3555 coloce'nse
2157 3491 2376 3555 similes
2410 3514 2574 3554 auno
2612 3492 2741 3554 hoc

703 3592 1048 3678 praestitit.
1091 3591 1407 3654 relatorias
1447 3594 1676 3654 Jacobo
1727 3590 1805 3653 de
1852 3591 2074 3668 Saros,
2126 3593 2376 3656 homine
2422 3596 2623 3678 regio,
2665 3606 2736 3658 et

739 3691 913 3756 chori
966 3690 1264 3756 Ecclesiae
1303 3715 1449 3754 suae
1495 3690 1733 3756 Clerico
1753 3731 1774 3764 ,
1812 3689 2156 3757 testimonio
2198 3696 2317 3758 tide
2347 3694 2567 3779 digno,
2604 3697 2736 3756 exi-

739 3795 1039 3861 stentibus
1058 3794 1205 3856 feria
1234 3791 1505 3857 secunda
1534 3792 1809 3877 proxima
1838 3805 1980 3858 ante
1997 3797 2220 3859 festum
2254 3799 2419 3858 Beati
2456 3797 2736 3861 Michae-

742 3897 820 3961 lis
857 3894 1235 3981 Archangeli.
2606 3884 2613 3891 ’

1274 4173 1278 4177 ‚
1422 4079 1881 4157 CCLXXIH.

555 4226 871 4298 capitulum
900 4222 1135 4287 Albense
1155 4262 1173 4287 ‚
1227 4229 1460 4301 Georgia
1508 4231 1575 4285 A.
1623 4230 1901 4299 Episcopo
1946 4230 2187 4306 &nkun-
2245 4230 2483 4290 Vicetia
2537 4239 2698 4308 regni
2715 4269 2735 4293 9
