2926 4849
2148 498 2299 573 ‘to-,3

1075 708 1519 787 CCCXXV.
2075 802 2084 810 ι

201 838 522 891 conuentus
562 835 961 889 flexas-diensis
987 809 1167 889 eodem
1191 837 1256 888 in
1294 832 1842 902 »κτίσαι-ἀριστέας.
1884 838 1950 891 A.
1989 833 2146 892 uss·

393 933 878 1010 serenissimo
914 934 1242 1039 Principi
1292 929 1617 1032 Domino
1667 929 2194 1035 Sigismundo‚
2250 931 2393 1008 Dei

253 1044 431 1114 ratia
485 1041 1002 1116 Romanorum
1053 1037 1499 1146 Imperatori
1545 1064 1840 1144 semper
1879 1043 2257 1144 Augusto,
2309 1065 2399 1115 ac

197 1068 678 1250 {ungariaffi
778 1144 1210 1238 Bobemiae,
1287 1137 1745 1240 Dalmatiae,
1828 1148 2171 1224 Croatiae
2252 1163 2398 1221 etc.

200 1255 435 1356 Regi,
501 1253 832 1330 Domino
883 1259 1211 1358 ipsorum
1266 1252 1712 1340 metuende,
1767 1252 2207 1330 Conuentus
2252 1254 2400 1328 Ec-

200 1361 469 1437 clesiae
506 1359 1018 1437 Sem-diensis
1072 1362 1497 1437 orationum
1547 1359 1886 1464 suffragia
1924 1360 2400 1437 denotarunt.

200 1468 468 1542 Vestra
540 1470 840 1543 nouerit
895 1467 1320 1558 SerenitaS,
1381 1465 1585 1568 qudd
1650 1492 1826 1542 cum
1880 1494 2014 1543 nos
2071 1469 2404 1570 receptis

122 1583 125 1586 ’
202 1573 440 1649 literis
483 1571 791 1668 Vestris„
812 1574 1246 1649 annualibus
1287 1600 1429 1678 pro
1501 1577 1898 1650 Conuentu
1955 1574 2397 1662 Crucifero-

202 1707 372 1755 rum
428 1679 801 1757 Ecclesiae
859 1683 1071 1756 Beati
1137 1684 1361 1785 Regis
1410 1678 1763 1780 Stephani
1812 1677 1905 1755 de
1965 1680 2200 1772 Alba,
2254 1699 2399 1784 per

201 1785 520 1862 eandem
562 1787 900 1866 Vestram
939 1785 1427 1864 serenitatem
1470 1786 1712 1876 eidem
1752 1789 2068 1888 gratiose
2114 1786 2296 1862 datis
2326 1805 2405 1861 et

202 1897 575 1969 concessis
603 1950 624 1988 ,
654 1895 1053 1999 -nobisque
1089 1897 1612 2000 praeceptorie
1652 1893 1989 1985 directis,
2050 1895 2250 1968 iuxta
2292 1921 2406 1968 ea-

202 1999 551 2078 rumdem
624 2003 1161 2079 continentiam
1211 2030 1354 2077 vna
1405 2028 1579 2078 cum
1637 2002 1979 2077 Emerico
2034 2001 2129 2074 de
2187 2001 2398 2075 Hene

201 2107 503 2183 homine
555 2127 845 2202 vestro,
901 2111 981 2183 in
1031 2108 1293 2185 iisdem
1345 2109 1578 2185 literis
1641 2107 1899 2184 vestris
1955 2106 2401 2182 annualibus
2509 2139 2512 2142 ·

200 2215 402 2290 inter
445 2216 623 2291 alios
683 2214 1018 2292 homines
1078 2231 1366 2291 vestros
1407 2216 1909 2319 conscriptos,
1967 2214 2401 2290 nominatim

201 2346 597 2424 expresso,
654 2322 1024 2397 hominem
1087 2339 1468 2413 nostrum,
1563 2320 1905 2402 videlicet
1973 2321 2403 2424 religiosum

202 2432 452 2503 virum
492 2430 798 2507 fratrem
828 2430 1137 2503 Paulum
1173 2428 1639 2505 sacerdotem
1665 2485 1683 2519 ‚
1743 2454 1976 2503 vnum
2018 2452 2112 2502 ex
2154 2426 2400 2520 nobis',

202 2534 299 2610 ad
339 2536 878 2639 inst-ascriptam
920 2537 1480 2640 inquisitionem
1523 2533 1935 2610 faciendam
1972 2551 2229 2609 nostro
2261 2560 2400 2635 pro

202 2642 634 2720 testimonio
670 2647 1310 2721 transmisissemus
1348 2640 1492 2719 fide
1532 2640 1859 2747 dignum.
1907 2641 2055 2733 Qui
2091 2638 2401 2719 demum

204 2746 479 2826 exinde
542 2755 825 2845 reuersi
882 2754 1096 2829 nobis
1150 2749 1616 2827 vniformiter
1670 2747 2134 2839 retulerunt,
2189 2746 2401 2851 quod
2454 2761 2457 2765 ’

204 2857 355 2960 ipsi
406 2858 594 2934 feria
654 2858 917 2963 q'uarta
976 2857 1318 2969 prozima
1376 2871 1549 2962 post
1606 2854 1874 2933 festum
1939 2853 2452 2930 Visitationis‘
2560 2906 2568 2918 ·

204 2963 534 3065 Virginis
578 2967 985 3070 gloriosae,
1044 2965 1384 3069 proxime
1440 2965 1965 3068 praeteritum,
2019 2962 2097 3033 in
2159 2960 2404 3035 Comi·

209 3087 297 3148 tu
342 3072 692 3148 Toinensi
740 3072 967 3159 ,simul
1009 3068 1535 3177 procedendo,
1590 3067 1686 3142 ab
1730 3066 2079 3143 omnibus
2119 3061 2404 3141 Nobili-

209 3177 357 3253 bus
379 3177 727 3256 videlicet
768 3196 843 3253 et
880 3177 1331 3282 ignobilibus
1363 3200 1449 3251 ac
1492 3176 1806 3252 alterius·
1832 3170 2156 3249 cuiusuis
2173 3178 2402 3248 status

212 3298 296 3358 et
328 3282 788 3362 conditionis
809 3284 987 3362 dicti
1020 3287 1426 3383 Comitatus
1449 3280 1898 3373 hominibus,
1932 3279 2172 3385 palam
2194 3295 2267 3353 et
2283 3302 2402 3354 oc·

214 3391 422 3469 culte
446 3448 467 3484 ,
507 3391 898 3498 diiigenter
927 3389 1453 3493 inuestigando’
1488 3389 1704 3465 talem
1762 3386 1886 3463 de·
1913 3381 2400 3491 infrascriptis

214 3500 600 3574 sciuissent
637 3502 1061 3578 veritatem:
1117 3496 1524 3591 Quomodo
1563 3492 2144 3600 MagnificiViri
2187 3492 2399 3570 Eme·

215 3607 414 3691 ricus
449 3625 526 3682 et
560 3598 936 3682 Iohannes
977 3604 1108 3680 filii
1156 3604 1537 3710 quondam
1577 3602 1886 3677 Joannis
1910 3599 2395 3701 ,Wayuodae,

215 3710 325 3785 de·
353 3710 769 3816 Marczaly,
825 3736 911 3787 ac
947 3714 1318 3816 Georgius
1366 3714 1457 3787 et*
1477 3707 1941 3813 Stephanus,
1996 3704 2125 3807 fily
2167 3733 2403 3810 quon-
2511 3800 2518 3807 ,

217 3816 387 3909 dam
434 3822 770 3921 Dionysii
796 3818 997 3897 Rani
1038 3818 1132 3892 de
1174 3801 1443 3893 &adem
1470 3873 1491 3910 ‚
1546 3815 1944 3923 quamdam
1981 3813 2406 3917 portionem

215 3927 868 4049 possessionariam
912 3929 1298 4002 memorati
1340 3940 1754 4002 conuentus
1806 3918 2402 4010 cruciferorum,
2475 3958 2480 3967 ,

217 4060 299 4108 m
345 4037 804 4134 possessione
853 4031 1181 4108 Gerenas
1236 4047 1697 4136 nuncupata,
1731 4032 1830 4111 ‚in
1863 4025 2130 4104 eodem
2162 4024 2399 4102 Comi·

216 4156 375 4215 tatu
414 4140 769 4218 Tolnensi
805 4138 1152 4233 habitam,
1206 4138 1282 4213 iu
1324 4138 1559 4232 anno,
1617 4135 2018 4225 cuiusiam'
2043 4134 2260 4210 tertia
2297 4134 2400 4208 in-

216 4265 443 4322 staret
496 4248 865 4324 reuolutio
908 4246 1281 4339 annualis,
1342 4246 1609 4350 prose
1654 4242 2420 4355 ipsis·occu'passent‘‚'
