2926 4849
2112 394 2264 469 687

176 605 488 694 Domini
516 605 767 684 ‘nostri
804 599 1228 691 metuendi,
1283 598 1672 686 annalibus
1721 627 1868 707 pro
1915 604 2377 682 renen-endis-
2427 651 2432 662 -2

176 715 370 789 simo
409 714 486 785 in
521 714 679 788 Xto
720 712 978 807 Patre,
1035 710 1363 786 Domino
1402 710 1732 814 Georgio
1781 706 2378 817 Arcbiepiscopo

172 818 557 896 Ecclesiae
616 815 1139 921 strigoniensis
1181 815 1277 891 ad
1334 816 1938 921 inquisitionem,
1963 881 1968 890 .
1996 820 2380 904 enecatio-2
2511 825 2516 830 ’

174 952 356 1001 nem
421 942 500 1001 et
546 917 1131 1030 prohibitionem
1183 949 1271 1002 ac
1326 919 1421 999 ad
1471 922 1620 998 alia
1664 922 1917 999 omnia
1963 939 2043 1000 et
2086 925 2404 1031 siugula-

169 1033 364 1112 Jure
391 1087 415 1127 ,
503 1056 697 1137 quae
747 1030 1012 1107 talibus
1069 1032 1150 1107 in
1200 1030 1670 1133 processibus
1727 1032 1936 1107 iuxta
1977 1033 2193 1135 regni
2231 1033 2386 1112 sui

162 1139 798 1217 ‘consuetudinem
877 1135 1040 1234 fieri
1107 1137 1702 1223 consueuerant,
1771 1135 2161 1232 facienda,
2235 1161 2400 1246 per‘

122 1246 670 1322 ‘Clementiam
734 1244 979 1320 eidem
1033 1244 1362 1347 gratiose
1428 1241 1619 1321 datis
1677 1261 1755 1322 et
1803 1244 2217 1341 concessis,
2290 1247 2376 1323 in

168 1378 653 1459 personaque
704 1347 1035 1428 eiusdem
1077 1350 1297 1428 nobis
1346 1351 1837 1456 praesentatis
1861 1343 1898 1446 ,'
1938 1368 2017 1427 et
2049 1378 2190 1458 per
2217 1378 2376 1433 *nos

161 1485 525 1565 suprema
575 1486 747 1536 cum
801 1456 1228 1535 obedientia
1282 1475 1361 1535 et
1396 1461 1825 1536 reuerentia
1872 1463 2187 1565 receptis
2228 1486 2377 1538 vna

161 1593 357 1644 cum.
396 1566 711 1643 Nicolao
769 1565 1114 1659 Nevver,
1170 1561 1471 1641 homine
1521 1591 1663 1645 suo
1705 1565 1914 1668 regio
1964 1564 2043 1640 in
2094 1562 2378 1646 eisdem

161 1675 326 1753 suis
366 1671 756 1748 annalibus
794 1675 990 1749 inter
1033 1673 1216 1748 alios
1249 1698 1427 1749 suos
1458 1670 1799 1750 homines
1838 1674 2088 1775 regios
2131 1674 2374 1751 nomi·

162 1783 406 1855 natim
476 1781 966 1884 conscriptis,
1021 1775 1490 1883 specificato,
1566 1798 1906 1857 nostrum
1946 1776 2374 1888 hominem,

164 1885 522 1964 videlicet
584 1884 1099 1964 honorabilem
1142 1886 1427 1978 virum,
1483 1887 1927 1992 Magistrum
1983 1888 2327 1965 Cosmum
2345 1923 2379 1984 ,·
2434 1909 2438 1924 “

161 1997 462 2071 socium
511 2013 587 2070 et
625 1994 1230 2070 concanonicum
1276 2012 1662 2089 nostrum,
1713 1992 1810 2070 ad
1862 1989 2375 2099 infrascripta·

162 2098 791 2207 possessionarias
833 2099 1463 2178 reambulationes
1513 2119 1594 2178 et
1639 2118 2007 2176 metarum
2057 2102 2373 2195 erectio-

161 2232 309 2283 nes
342 2204 657 2284 faciend.
702 2224 963 2284 nostro
1004 2235 1145 2313 pro
1178 2208 1603 2285 testimonio
1651 2205 2114 2285 duxissemus
2152 2206 2374 2284 desti·

164 2311 547 2409 nandum3
602 2312 940 2390 Tandem
973 2312 1199 2417 ydem
1237 2312 1507 2391 exinde
1549 2313 1644 2391 ad
1682 2339 1824 2393 nos
1863 2309 2186 2407 reuersi}
2241 2342 2374 2394 no·

162 2421 294 2499 bis
350 2419 842 2499 conformiter
901 2423 1339 2517 retulerunt,
1428 2421 1661 2521 *Quod
1710 2422 1854 2527 ipsi
1913 2420 2101 2500 feria
2147 2421 2368 2499 tertia

165 2530 518 2635 proxima
547 2546 720 2635 post
756 2530 1051 2606 Festum
1094 2532 1177 2606 Β.
1215 2524 1600 2632 La'urenty
1635 2530 1991 2631 Martyris
2021 2531 2367 2634 proxime

164 2637 659 2743 praeteritum
690 2637 944 2742 elapsa
963 2692 986 2733 ,
1026 2679 1138 2701 --
1169 2680 1280 2697 —-
1317 2674 1421 2711 ·.·-
1450 2673 1569 2696 --·
1597 2679 1709 2697 —
1738 2674 1853 2696 -
1889 2676 1995 2691 —-
2041 2631 2326 2714 Cheten
2345 2691 2372 2730 ,

165 2762 254 2820 et
288 2743 519 2837 Keer‚
575 2761 893 2838 vocatas,
947 2742 1213 2819 vicinis
1249 2760 1323 2821 et
1363 2745 1893 2820 commetaneis
1935 2743 2375 2819 earumdem

167 2848 614 2928 Venerabili
657 2868 921 2943 ⁴nostro
976 2852 1296 2927 Domino
1338 2848 1692 2944 Nicolao,
1749 2850 2184 2954 Praeposito
2227 2847 2374 2924 Ec·

168 2955 440 3035 clesiae
476 2955 555 3032 S.
611 2954 974 3065 Stephani
1022 2955 1623 3057 Proto-Martyris
1659 2990 2380 3016 —————

170 3089 265 3141 ac
309 3062 637 3168 Egregio
678 3082 756 3141 et
783 3061 1184 3140 Nobilibus
1223 3065 1402 3139 viris
1440 3063 1664 3139 Petro
1705 3061 1800 3138 de
1839 3060 2201 3163 Hangon,
2243 3057 2399 3132 Ga·-

173 3170 483 3247 stellano
540 3162 863 3276 Capituli
926 3170 1454 3274 strigoniensis
1528 3168 1893 3275 praedicti
1947 3208 2054 3224 --
2095 3184 2217 3253 ’--,·
2267 3203 2378 3220 —-

176 3270 845 3357 Ladislao'Farkas
900 3277 1105 3355 dicto
1157 3303 1244 3353 ac
1309 3276 1518 3354 Deed
1540 3330 1568 3366 ,
1643 3275 2036 3381 prouisore
2099 3270 2379 3359 Curiae

176 3383 745 3491 Archiepiscopi
800 3382 1252 3488 strigonien.
1290 3410 1430 3462 nec
1486 3410 1643 3459 non
1689 3380 2090 3458 Valentino
2129 3376 2380 3455 litera-

177 3509 257 3570 to
316 3490 410 3567 de
466 3489 749 3595 Hidaga
810 3510 1301 3598 procuratore
1334 3494 1766 3583 'Causarum
1821 3482 2384 3581 dictiDomini

175 3597 778 3705 Archiepiscopi,
850 3598 1221 3702 legitimo,
1297 3582 1441 3705 pro
1475 3594 1771 3674 ‘eodem
1834 3591 2178 3677 Domino,
2225 3587 2410 3664 Asc-2

176 3703 649 3812 chiepiscopo
669 3762 694 3800 ‚
731 3731 906 3782 cum
945 3723 1484 3807 procuratorys
1517 3704 1747 3780 literis
1787 3696 2160 3790 eiusdem,
2191 3696 2392 3777 Item

180 3810 565 3891 Nobilibus
597 3831 676 3890 et
708 3814 1016 3916 egregio
1051 3812 1274 3902 viris,
1329 3811 1694 3913 Magistro
1726 3799 2127 3902 Stephano
2147 3856 2176 3896 ,
2235 3798 2420 3875 lilio-

182 3920 520 4025 Gregory
581 3920 677 3997 de
742 3915 1113 4012 Berench‚
1182 3933 1260 3995 et
1324 3916 1753 4020 Syluestro,
1828 3909 1995 3985 filio
2054 3905 2402 3985 eiusdem

187 4052 318 4129 pro
380 4030 551 4133 ipsis
619 4025 1108 4133 personaliter
1162 4042 1237 4101 et
1303 4048 1447 4129 pro
1505 4020 1732 4113 vito,
1808 4016 2174 4092 similiter
2248 4009 2411 4089 filio

190 4136 398 4236 ipsius
439 4132 771 4239 Magistri
806 4131 1209 4239 Stephani,
1267 4127 1503 4210 fratre
1531 4125 1819 4207 scilicet
1849 4112 2418 4220 annotati'Syl·
