2926 4849
592 545 748 622 286

481 757 575 833 de
612 765 755 860 per
791 751 1025 856 ipsam
1058 745 1254 821 viam
1309 742 1404 819 ad
1438 739 1752 819 eandem
1788 759 2079 846 partem
2138 741 2693 844 occidentalem

487 859 776 950 eund0,
814 854 1331 960 'peruenissent
1367 849 1459 924 ad
1488 850 1713 926 aliam
1755 851 1972 944 viam',
2018 877 2155 953 per
2190 879 2411 956 quam
2445 871 2684 930 trans-

483 973 728 1046 iretur'
758 963 854 1038 de
906 962 1367 1065 possessione
1395 957 1615 1058 Myza
1658 975 2084 1064 nuncupata
2115 957 2209 1033 ad
2264 960 2683 1066 praefatam

490 1073 1032 1182 possessionem
1064 1065 1409 1170 Grynum,
1466 1065 1592 1140 vbi
1638 1090 1868 1169 penes
1912 1064 2003 1140 ad
2037 1064 2349 1143 eande'm
2392 1070 2587 1166 yiam
2639 1095 2682 1141 a

490 1197 701 1286 parte
739 1175 1150 1281 aquilonari
1194 1176 1482 1277 signum
1519 1173 1782 1266 metale
1821 1172 2217 1269 fecissent,
2272 1193 2348 1251 et
2402 1176 2479 1250 in
2523 1174 2686 1280 ipsa

488 1293 608 1367 via
653 1286 746 1361 ad
791 1282 1110 1374 'eandem¹
1159 1282 1454 1387 plagam
1504 1279 2045 1357 occidentalem
2111 1305 2254 1386 per
2301 1279 2688 1358 modicum

492 1396 811 1500 s'patium
847 1388 1215 1485 meando,
1271 1389 1729 1494 penes-viam
1767 1387 2079 1464 eandem
2116 1415 2161 1463 a
2196 1406 2409 1492 parte
2461 1391 2690 1465 meri-

494 1500 773 1588 dionali
822 1497 1196 1572 antedicta
1237 1496 1429 1571 'duas
1495 1513 1722 1572 metas
1794 1497 2130 1599 antiquas
2179 1493 2683 1585 inuenissent,

491 1633 722 1716 penes
783 1629 969 1707 quas
1017 1605 1308 1705 signum
1362 1603 1632 1700 metale
1694 1600 2076 1698 fecissent3
2165 1624 2482 1701 quarum
2542 1626 2689 1677 vna

498 1713 870 1821 praefatae
908 1712 1358 1817 possessioni
1384 1707 1733 1809 Gyanth',
1788 1711 1925 1785 alia
1964 1726 2210 1784 autem
2240 1705 2690 1811 possessioni
2750 1745 2759 1751 ·

497 1820 888 1898 Kwirbew
908 1814 1320 1894 antedictae
1341 1814 1887 1920 distinguerent
1907 1845 1926 1910 ;
1966 1814 2077 1890 De
2099 1815 2270 1890 hinc
2300 1843 2438 1922 per
2457 1818 2695 1920 ipsam

494 1931 694 2004 viam
715 1923 805 2002 ad
843 1923 1340 2030 supradictam
1363 1917 1679 2026 'plagam
1717 1923 2255 2001 occidentalem
2292 1949 2427 2027 per
2460 1919 2699 1999 modi·

463 2118 468 2124 ,
500 2061 671 2111 cum
696 2038 1011 2142 spatium
1031 2027 1560 2139 processissent
1582 2057 1810 2135 penes
1830 2029 2061 2135 ipsam
2102 2035 2386 2105 vineam
2415 2058 2456 2105 a
2489 2052 2701 2134 prae·

500 2141 698 2217 dicta
736 2158 949 2244 parte
984 2135 1497 2231 meridionali,
1571 2165 1791 2212 vnam
1850 2158 2126 2228 metam
2179 2140 2558 2236 antiquam
2609 2161 2704 2210 ac

501 2249 908 2323 cursualem
953 2257 1216 2350 'prope
1264 2243 1615 2319 arborem
1670 2244 1894 2321 luicis
1958 2243 2521 2349 reperiendam,
2590 2241 2706 2317 si-

501 2381 724 2459 gnum
792 2356 1054 2429 metale
1117 2350 1484 2428 fecissent.
1559 2352 1678 2451 Ab
1731 2350 1904 2429 hinc
1953 2351 2047 2426 ab
2082 2350 2375 2428 -eadem-
2430 2352 2548 2426 via
2598 2346 2704 2424 ad

505 2459 1003 2567 saepedictam
1047 2475 1328 2564 partem
1369 2458 1906 2537 occidentalem
1971 2458 2493 2564 procedendO,
2551 2456 2703 2531 de-

503 2567 874 2655 cendisset
896 2566 990 2642 ad
1022 2565 1288 2651 vallem
1333 2564 1758 2669 Sethwelgh
1781 2586 2140 2657 vocatam,
2187 2585 2263 2642 et
2293 2569 2525 2671 ipsam
2554 2559 2707 2637 val-

507 2676 654 2750 lem
695 2673 1329 2777 pertranseundo,
1389 2698 1615 2775 penes
1677 2692 2004 2755 montem
2056 2701 2099 2750 a
2146 2690 2356 2777 parte
2414 2670 2709 2776 aquilo-

500 2780 669 2871 ,nari
711 2780 1249 2885 processissent
1274 2836 1297 2873 ,
1355 2774 1481 2852 vbi
1521 2780 1813 2885 signum
1851 2780 2118 2856 metale
2153 2781 2522 2879 fecissent.
2561 2779 2712 2853 De-

509 2886 686 2975 inde
751 2887 1070 2963 venisset
1120 2884 1212 2962 ad
1261 2886 1454 2961 viam
1485 2939 1507 2977 ,
1562 2912 1754 2991 quae
1818 2885 2128 2964 duceret
2176 2888 2271 2962 de
2332 2884 2713 2992 praedicta

515 2994 977 3093 possessione
1031 2991 1349 3096 'Gyanth
1421 2988 1515 3067 'ad
1591 2993 1992 3099 praefatam
2054 2997 2717 3096 possessessionem

508 3098 940 3193 Kwirbew,
995 3126 1226 3206 penes
1296 3098 1613 3175 eandem
1657 3103 1850 3176 viam
1909 3131 1952 3177 a
2000 3116 2209 3206 parte
2242 3097 2716 3176 meridionali

511 3206 805 3315 signum
843 3206 1117 3282 metale
1162 3204 1557 3300 fecissent,
1595 3226 1671 3283 et
1707 3210 1938 3312 ipsam
1972 3211 2171 3283 viam
2200 3228 2722 3313 pertranseun-

510 3311 658 3406 do,
714 3316 791 3389 in
833 3338 1100 3416 aquam
1138 3312 1396 3420 Kepos
1431 3312 1865 3417 appellatam
1891 3372 1913 3410 ,
1970 3340 2190 3389 vnam
2230 3314 2577 3391 arborem
2609 3311 2726 3386 ili·

514 3418 623 3493 cis
664 3421 1165 3515 inuenissent,
1226 3437 1300 3496 et
1339 3419 1574 3527 ipsam
1609 3448 1748 3524 pro
1791 3441 1986 3499 meta
2021 3423 2547 3525 assignassent3
2586 3419 2729 3494 ibi-

517 3548 671 3625 que
708 3525 805 3602 de
836 3544 1033 3603 meta
1069 3528 1298 3629 ipsam
1341 3554 1610 3631 aquam
1648 3527 1907 3634 Kapus
1954 3527 2543 3635 pertranseundo
2582 3549 2732 3615 ve-

514 3632 796 3707 nissent
855 3633 948 3720 ad
1014 3632 1225 3707 aliam
1289 3651 1578 3736 partem
1628 3635 1852 3738 ipsius
1915 3663 2199 3737 aquae,
2255 3637 2383 3735 vbi
2439 3663 2479 3709 a
2526 3631 2736 3709 dicta

514 3736 733 3842 plaga
797 3740 1592 3842 occidentali'signum
1640 3742 1922 3819 'metale
1983 3741 2351 3843 fecissent.
2418 3738 2734 3845 ,Deinde

511 3844 1058 3949 processissent
1091 3844 1186 3922 ad
1235 3845 1501 3925 dictam
1541 3866 1832 3954 partem
1887 3848 2424 3928 occidentalem
2476 3866 2552 3924 et
2588 3873 2735 3947 ¹ve·-

518 3950 809 4027 nissent
844 3951 934 4041 ad
973 3954 1369 4059 quemdam
1409 3942 1784 4053 fossatum,
1818 3975 1897 4033 et
1934 3984 2071 4061 per
2102 3959 2345 4065 ipsum
2381 3954 2737 4037 fossatum

518 4054 902 4163 tendendo
931 4116 953 4153 ,
999 4064 1384 4147 ‚venissent
1424 4060 1517 4137 ad
1559 4064 1920 4166 quasdam
1959 4063 2139 4145 duas
2182 4066 2335 4161 vias
2369 4061 2739 4168 publicas,

516 4181 662 4269 per
705 4190 888 4275 guas
929 4172 1363 4267 transiretur
1407 4168 1502 4245 de
1551 4172 1882 4276 praefata
1919 4159 2381 4305 possessione
2432 4161 2741 4279 Gyapth

515 4268 609 4348 ad
651 4275 1149 4379 possessiones
1175 4268 1590 4382 Doroghet
1614 4278 1988 4383 Thamasy
2023 4268 2313 4358 'vocatas
2344 4279 2603 4383 ibique
2627 4274 2737 4351 in·
