2926 4849
2054 489 2098 536 μ
2143 450 2295 524 563

203 676 642 735 nostrorum
708 653 1002 732 Cinium
1054 672 1150 730 et'
1190 654 1563 761 hospitum
1619 657 2041 758 praedictae
2101 676 2398 756 nostrae

207 766 547 842 Ciuitatis
603 761 1032 856 libertatum
1102 766 1641 868 praerogatiuis⁴
1692 766 2035 844 volumus
2089 769 2401 871 gratiose

207 897 699 960 conseruare,
754 870 1187 961 statuimuS,
1260 888 1341 943 vt
1397 900 1440 945 a
1500 871 1728 949 modo
1789 893 1868 950 et
1915 878 2406 981 imposterum

204 980 456 1057 nullus
494 979 871 1053 Comitum
910 1003 1042 1052 seu
1085 975 1672 1074 Castellanorum
1708 1000 2137 1060 nostrorum
2171 983 2403 1056 Trin-

170 1085 749 1175 'chiniensium,
805 1087 880 1159 in
937 1111 1053 1158 res
1108 1100 1183 1157 et
1231 1082 1434 1178 bona
1474 1085 1805 1180 eiusdem
1859 1087 2159 1163 Plebani
2195 1083 2410 1163 dece-

206 1194 452 1270 dentis
503 1193 771 1270 audeat
808 1218 886 1266 se
944 1192 1501 1286 inu-omittere,-
1538 1212 1663 1268 aut
1719 1194 2014 1271 easdem
2055 1191 2411 1270 auferens·

202 1299 354 1395 do,
427 1329 574 1405 pro
635 1325 715 1374 se
773 1322 1176 1397 vsurpare,
1255 1317 1331 1373 et
1392 1298 1792 1402 dissipare,
1871 1302 2023 1376 vllo
2083 1327 2413 1403 vnquam

202 1422 593 1511 tempore3
654 1407 833 1509 quin
877 1406 1029 1479 imo
1078 1405 1500 1508 praedictae
1555 1434 1674 1484 res
1716 1428 1791 1485 et
1846 1408 2044 1483 bona
2086 1407 2418 1490 eiusdem

206 1515 516 1592 Plebani
569 1515 673 1608 sic
712 1513 1181 1606 decedentis,
1235 1515 1310 1586 in
1364 1512 1699 1607 futurum
1759 1515 2172 1592 Plebanum
2216 1517 2420 1617 ipso-

207 1651 379 1700 rum
414 1640 841 1732 nostrorum
895 1619 1231 1710 Cinium,
1290 1646 1426 1723 per
1470 1623 1671 1723 ipsos
1704 1620 2060 1714 electum,
2115 1641 2192 1698 et
2225 1648 2425 1698 con-

204 1735 590 1818 stitutum,
649 1727 959 1804 omnino
994 1730 1150 1802 sine
1202 1727 1453 1830 aliqua
1494 1728 1986 1830 diminutione
2012 1726 2424 1828 deuoluanss

207 1857 374 1931 tur,-
428 1853 557 1911 aut
597 1836 659 1909 si
694 1832 1009 1908 forsitan
1043 1833 1369 1908 eundem
1410 1834 1819 1914 Plebanum
1858 1840 2195 1942 ipsorum
2243 1863 2423 1932 cong·

207 1944 513 2045 tinget-it
535 1945 960 2028 intestatum
1003 1939 1400 2040 decedere,
1439 1960 1723 2021 extunc
1764 1944 2159 2021 memorati·
2188 1944 2424 2044 nostri

204 2055 413 2127 ciues
447 2069 523 2125 et
565 2048 897 2151 hospites
953 2046 1374 2149 praedictae
1424 2068 1720 2126 nostrae
1774 2052 2098 2128 Ciuitatis
2131 2078 2429 2127 memo-

202 2177 403 2235 ratas
439 2184 559 2232 res
594 2173 670 2230 et
724 2156 925 2230 bona
974 2157 1367 2230 memorati
1413 2156 1716 2238 Plebani
1771 2156 2095 2235 habeant
2129 2157 2428 2262 plenam

201 2282 652 2371 potestatem
709 2258 1151 2365 disponendi
1215 2259 1610 2360 salubriter
1672 2264 1765 2339 ad
1831 2292 2061 2367 opera
2108 2268 2420 2368 pietatis.

204 2371 710 2450 Concedimus
751 2374 972 2446 etiam
1016 2369 1339 2470 gratiose
1365 2426 1390 2460 ‚
1443 2371 1650 2474 quod
1691 2374 1754 2448 si
1811 2399 1906 2448 ex
1951 2370 2118 2473 filys
2156 2397 2424 2451 eorum

202 2479 810 2570 ciuitatensibus,
881 2475 1346 2571 domesticis,
1405 2478 1627 2554 vniam
1685 2477 2122 2564 discretam,
2176 2480 2423 2561 hone-

200 2606 442 2680 stam,
503 2586 887 2687 idoneam,
943 2583 1268 2663 habilem
1319 2610 1721 2688 personam
1768 2586 2049 2663 habere
2092 2589 2422 2692 possint,

204 2695 678 2795 eandemque
710 2709 1060 2795 tanquam
1102 2693 1264 2767 veri
1315 2710 1391 2766 et
1428 2694 1600 2768 iusti
1658 2693 1960 2770 Patroni
2000 2714 2076 2770 et
2116 2693 2416 2772 collato·

203 2796 346 2893 res,
376 2805 453 2875 in
495 2799 898 2875 Plebanum
938 2814 1015 2874 et
1050 2801 1127 2872 in
1161 2801 1542 2885 Pastorem
1584 2802 1923 2902 ipsorum
1962 2802 2259 2903 plenam
2294 2801 2417 2877 ha·

198 2910 437 2984 beant
490 2905 853 3007 eligendi,
910 2905 1458 2995 constituendi,
1519 2911 1896 3009 potestatis
1944 2909 2416 3004 facultatem;

199 3033 339 3092 aut
386 3017 450 3088 si
520 3011 940 3091 huiusmodi
993 3010 1184 3091 filios
1231 3011 1710 3087 Ciuitatenses
1763 3039 1894 3097 seu
1952 3014 2210 3087 ciuiles
2265 3042 2412 3118 pro

193 3141 387 3201 tunc
423 3122 699 3196 habere
746 3138 899 3195 no'n
927 3118 1326 3208 valerent,
1378 3136 1656 3195 extunc
1696 3118 1913 3197 aliam
1949 3120 2294 3195 idoneam
2330 3137 2409 3214 et

200 3228 602 3305 discretam
643 3252 1083 3331 personam,
1141 3252 1336 3329 qnae
1380 3226 1742 3303 voluntati
1794 3244 2060 3304 eorum
2103 3226 2401 3304 videre·-

171 3355 336 3415 .tur
392 3336 795 3436 placibilis,
850 3336 927 3407 in
983 3335 1235 3408 locum
1289 3331 1482 3408 illius
1537 3334 1872 3421 defuncti
1913 3334 2216 3409 Plebani
2270 3335 2407 3411 eli·-

197 3444 481 3547 gendi,
556 3441 1128 3533 denominandi,
1202 3441 1751 3534 constituendi,
1824 3440 2266 3519 conferendi
2320 3446 2405 3518 in

196 3576 530 3653 persona
571 3566 870 3625 nostrae
926 3550 1321 3623 Maiestatis
1357 3548 1676 3628 habeant
1713 3547 2008 3651 plenam
2043 3567 2119 3624 et
2168 3551 2402 3625 omni·

196 3652 510 3735 modam
558 3674 1018 3758 potestatem.
1093 3656 1333 3744 Quam
1382 3655 1691 3753 quidem
1732 3656 2221 3749 electionem,
2275 3655 2407 3733 de-

192 3768 821 3853 nominationem,
868 3766 1511 3857 constitutionem,
1570 3781 1643 3839 et
1679 3760 2151 3839 collationem
2182 3786 2400 3866 prae·

203 3872 550 3948 sentibus
579 3873 845 3947 nostris
885 3870 1114 3943 literis
1147 3870 1631 3962 roborantes,
1690 3867 2133 3945 ratificantes
2173 3887 2251 3944 et
2280 3898 2405 3974 ap·

198 3979 657 4087 probantes,
715 3977 1058 4053 duximus
1115 3978 1433 4079 gratiose
1475 3973 2032 4051 confirmandas.
2122 3977 2404 4057 Datum

199 4113 352 4192 per
430 4113 690 4162 manus
763 4083 1210 4160 venerabilis
1282 4082 1635 4158 Matthiae
1729 4082 1823 4159 de
1903 4081 2413 4178 Kathaloncz,

202 4192 621 4299 Praepositi
695 4191 1100 4271 Ecclesiae»
1127 4189 2038 4294 Quinque-Ecclesiensis
2067 4248 2089 4287 ‚
2170 4190 2408 4285 Aulae

1644 4330 1655 4337 i
1876 4302 2029 4373 364·
