2926 4849
792 508 941 577 878

668 711 890 788 dictis
927 712 1246 817 legitime
1290 707 1613 802 vocatis,
1669 727 1746 784 et
1778 709 1974 802 aliis,
2031 713 2160 812 qui
2187 708 2495 790 fuerunt
2519 740 2763 789 euom-

668 819 787 910 di,
826 817 918 896 de
957 817 1375 924 praemissis
1407 814 1753 893 omnibus
1794 834 1870 893 et
1898 818 2235 920 singulis,
2268 846 2358 896 ac
2400 838 2643 898 eorum
2678 826 2768 895 clx»

667 927 1123 1005 cumstantiis
1158 926 1557 1016 vniuersiS,
1610 926 2049 1000 auctoritate
2093 944 2342 1000 nostra
2381 944 2460 1003 te
2522 927 2768 1030 diligen-
2832 948 2833 969 ἢ

666 1049 788 1111 ter
820 1031 1175 1111 informes
1200 1088 1222 1125 ‚
1258 1048 1335 1107 et
1372 1033 1432 1107 si
1490 1056 1628 1130 per
1660 1031 2250 1108 informationem
2281 1030 2680 1109 huiusmodi
2704 1035 2766 1105 ita

666 1166 826 1221 esse
852 1195 873 1233 ,
930 1156 1005 1215 et
1042 1138 1247 1244 quod
1291 1138 1629 1213 scandala
1663 1140 1808 1214 sint
1842 1156 2099 1213 exorta
2126 1195 2144 1223 ‚
2201 1156 2277 1214 et
2314 1139 2684 1216 homicidia
2722 1157 2768 1211 et

665 1247 1069 1323 seditiones
1096 1243 1590 1321 verisimiliter
1611 1270 1703 1320 ex
1741 1242 2153 1320 huiusmodi
2175 1264 2571 1322 contractu
2601 1246 2767 1323 matri

661 1353 896 1431 monii
953 1355 1165 1454 sequi
1221 1351 1585 1445 debeant,
1652 1354 2054 1449 repereris,
2140 1377 2370 1455 super
2428 1376 2583 1453 quo
2632 1373 2763 1428 tuam
2832 1374 2833 1377 ’

662 1460 1194 1537 conscientiam
1235 1483 1672 1548 oneramu8‚
1726 1459 1919 1531 inter
1957 1456 2371 1533 ,Iohannem
2416 1477 2495 1535 et
2551 1462 2761 1535 Annam

659 1564 1536 1672 praedictos'diuortium
1585 1565 2024 1639 auctoritate
2076 1584 2327 1640 nostra
2387 1565 2693 1643 celebres
2724 1579 2768 1637 et

567 1716 572 1735 ι
659 1674 925 1766 facias,
982 1689 1058 1748 et
1100 1670 1572 1746 nihilominus
1617 1669 1937 1746 Jobanni
1976 1697 2139 1745 cum
2194 1673 2331 1746 alia
2394 1695 2768 1775 quacunque

658 1778 1013 1874 muliere,
1071 1805 1210 1854 nec
1253 1802 1403 1851 non
1439 1777 1658 1857 Anne
1698 1803 1871 1852 cum
1909 1778 2053 1849 alio
2100 1779 2448 1856 similiter
2492 1804 2760 1884 quocun-

659 1912 812 1989 que
876 1886 1039 1961 viro
1081 1885 1638 1959 matrimonium
1674 1884 1844 1958 alias
1886 1882 2206 1982 legitime
2255 1902 2509 1960 tamen
2552 1904 2768 1961 contra·

657 1985 928 2086 hendi,
986 2010 1061 2068 et
1097 1997 1172 2080 in·
1209 2014 1300 2065 eo
1352 1991 1544 2065 licite
1596 1990 2062 2075 remanendi,
2115 1992 2363 2095 proles
2410 2010 2532 2068 *ex
2578 1978 2764 2067 huius-

656 2097 862 2177 modi
908 2096 1420 2174 contrahendis
1465 2096 1949 2171 matrimoniis
1992 2099 2499 2199 suscipiendas
2529 2155 2548 2188 ‚
2599 2098 2765 2202 legiti-

657 2232 816 2282 mas
852 2203 1306 2286 nunciando,
1381 2203 1637 2279 eadem
1682 2205 2115 2278 auctoritate
2153 2205 2530 2283 licentiam
2562 2208 2765 2309 largia-
2832 2282 2833 2293 ἶ

656 2314 789 2387 ris.
848 2310 1514 2388 Constitutionibus
1559 2310 2003 2414 Apostolicis
2068 2327 2141 2386 et
2202 2311 2364 2388 aliis
2407 2317 2482 2388 in
2535 2330 2761 2391 contra-

656 2421 854 2498 rium
921 2415 1402 2509 facientibus,
1498 2439 1649 2494 non
1710 2415 2172 2494 obstantibus
2229 2420 2755 2525 quibuscunque

657 2529 931 2604 Datum
966 2525 1174 2600 XIV.
1215 2525 1383 2598 ‚cat
1439 2525 1763 2599 Januarii
1816 2561 1924 2604 -.·
1978 2567 2083 2579 —
2134 2567 2241 2582 —-

746 2677 836 2738 Ex
872 2667 1142 2759 epistolis
1173 2670 1444 2734 eiusdem
1480 2676 1676 2756 Papae
1730 2674 1892 2736 Anni
1938 2679 2057 2739 Vn.
2103 2675 2323 2740 Obitus
2358 2675 2686 2765 sigismundi
2704 2677 2746 2736 t·

853 2799 931 2864 Η.
978 2796 1121 2855 19-ιι
1157 2790 1451 2856 Decemb.
1498 2790 1697 2854 eidem
1733 2792 1995 2860 necdum
2027 2796 2312 2862 innotuit.

1506 2967 1999 3053 CDXXXIX.

660 3143 949 3216 figmina
977 3142 1087 3195 17.
1125 3139 1239 3196 FP.
1277 3138 1638 3211 &gismundo
1668 3144 1739 3197 R.
1778 3142 1857 3197 H.
1896 3142 1966 3196 ob
1995 3144 2175 3199 mores
2214 3145 2352 3202 clun·
2380 3148 2684 3207 dissolutos.
2708 3157 2752 3192 δ’

849 3251 952 3303 Fr.
1002 3245 1272 3301 lucabum
1314 3246 1380 3299 de
1428 3245 1695 3302 marchia
1746 3265 1863 3304 non
1922 3239 2199 3322 receperim
2250 3258 2587 3327 quandonam
2639 3251 2753 3307 M

854 3355 1024 3415 143⁷.

857 3469 1227 3570 Eugenius
1261 3465 1707 3571 Episcopus,
1763 3492 2021 3545 seruus
2077 3498 2467 3551 seruorum
2521 3475 2640 3550 Dei
2677 3506 2741 3527 -··

660 3575 1136 3683 sigismundo
1176 3577 1684 3649 Romanorum
1722 3579 2163 3680 Imperatori
2203 3600 2343 3657 etc.
2384 3625 2489 3637 —
2520 3581 2734 3656 Summa

658 3705 825 3763 cum
870 3682 1325 3785 displicentia
1359 3680 1814 3779 audiuimus,
1886 3683 2243 3784 quosdam
2288 3689 2656 3766 haereticos
2688 3682 2735 3751 in

655 3817 892 3899 regno
927 3807 1057 3863 tuo
1095 3789 1162 3860 H
1171 3789 1559 3892 ungariae,
1622 3815 1755 3890 per
1792 3790 1971 3866 baec
2016 3810 2350 3899 tempora
2401 3793 2739 3900 pullulas&

657 3907 733 3976 et
784 3892 1207 3973 sacerdotes
1259 3896 1466 3995 regni
1550 3895 1776 3998 ipsius
1840 3891 2041 3972 nullo
2104 3899 2330 3977 modo
2380 3894 2734 3977 absterreri,

653 4019 730 4080 'et
768 4003 1027 4079 induci
1059 4025 1273 4105 posse
1316 4029 1359 4075 a
1407 4000 1688 4077 dilectis
1730 4002 1927 4088 filiis,
1984 4005 2368 4084 Fratribus
2405 4007 2663 4085 Ordinis
2683 3999 2735 4070 B·

579 4159 584 4166 -
651 4111 1028 4187 Francisci‘
1083 4109 1157 4181 in
1217 4107 1687 4184 obseruantia
1761 4107 2080 4215 regulari
2129 4113 2585 4219 degentibus,
2645 4104 2732 4209 qui

611 4314 618 4318 .
650 4218 729 4294 in
766 4216 898 4294 illo
934 4214 1248 4294 verbum
1279 4214 1431 4290 'Dei
1469 4216 1941 4318 praedicant,
1986 4236 2075 4296 *vt
2106 4223 2577 4316 concubinas,
2608 4230 2735 4318 qu·⁵
