2926 4849
2127 496 2282 577 ⁸43

203 727 724 796 constructae,
778 711 857 784 in
893 725 1331 813 perpetuam
1380 709 1978 813 eleemosynam,
2031 715 2218 792 Iure
2258 743 2400 821 ps·

116 907 152 918 ..
209 834 548 897 tro-atus
595 817 827 920 ipsius
876 813 1255 892 Ecclesiae
1306 842 1439 894 seu
1499 822 2054 920 praepositurae
2105 847 2405 928 semper
2486 865 2507 882 ,

207 927 387 1032 ipsis
430 938 865 1026 reseruato,
918 920 1343 1018 dedissent,
1399 921 1840 1018 donassent,
1897 927 2403 1020 contulissent,

207 1034 784 1135 aaecripsissent,
862 1033 1473 1134 appropriassent
1527 1047 1603 1104 et
1660 1054 2262 1135 perpetuassent,
2320 1065 2407 1112 au

207 1162 383 1218 cum
447 1136 734 1214 >eisdem
794 1137 1390 1240 possessionibus
1451 1137 1764 1213 eandem
1811 1140 2407 1248 praeposituram

210 1248 628 1337 dotassent,
683 1242 970 1320 nullum
1025 1246 1180 1339 ius,
1235 1244 1669 1347 nullamque
1718 1248 1897 1322 iuris
1949 1253 2415 1353 perpetuita-
2502 1332 2507 1336 ,

212 1375 362 1434 tem
417 1356 496 1427 in
562 1348 837 1428 eisdem
912 1350 1056 1424 sibi
1116 1353 1591 1429 reseruandO.
1701 1350 2017 1440 Quibus⁸
2058 1359 2415 1460 expositis

145 1494 155 1504 ·
208 1459 651 1566 supplicauit
686 1457 884 1532 idem
922 1456 1437 1561 sigismundus
1459 1457 1912 1539 castellanus
1948 1490 2083 1539 suo
2124 1481 2201 1541 et
2237 1465 2416 1538 alio-

212 1595 381 1649 rum
423 1566 975 1671 praedictorum
1014 1565 1437 1640 nominibus
1485 1569 1673 1640 etin
1715 1564 2417 1668 personisMaiesta·

212 1680 263 1752 ti
317 1692 570 1753 nostre
609 1671 986 1782 bumiliter
1019 1689 1094 1747 et
1127 1674 1438 1768 deuote,
1498 1690 1577 1748 vt
1618 1672 2035 1750 huiusmodi
2072 1677 2419 1756 collatio-

113 1781 126 1790 ’
211 1786 316 1875 ni,
353 1782 975 1886 appropriationi,
1013 1796 1091 1852 et
1130 1779 1501 1881 largitioni
1537 1794 1765 1883 atque
1799 1782 2166 1859 dotationi
2205 1811 2420 1890 prae·

207 1890 529 1966 satarum
575 1887 1125 1991 possessionum
1182 1910 1322 1990 per
1380 1903 1832 1991 preattactos
1894 1893 2424 1994 progenitores

209 2000 603 2094 memorati
667 1990 1128 2096 sigismundi
1193 2015 1281 2066 ac
1326 1991 1642 2070 fratrum
1694 2019 2002 2073 suorum
2048 1997 2421 2086 antefatae

211 2102 780 2208 Praepositurae
823 2096 921 2174 de
971 2098 1166 2175 dicta
1206 2097 1715 2203 NagyaeMisle,
1772 2120 1850 2177 vt
1919 2108 2419 2208 premittitur,

211 2212 468 2302 factis,
561 2225 901 2285 nostrum
981 2209 1269 2308 regium
1336 2233 1777 2284 consensum
1842 2225 1917 2285 et
1987 2235 2370 2289 assensum
2398 2270 2421 2308 ,

349 2315 621 2410 ebere,
675 2339 764 2390 ac
814 2336 1044 2388 omne
1085 2316 1199 2389 ius
1231 2332 1568 2391 nostrum
1611 2318 1940 2420 regium,
1996 2319 2061 2394 si
2100 2320 2306 2424 quod
2346 2324 2424 2396 in

244 2422 476 2502 isdem
529 2418 1111 2529 possessionibus
1160 2417 1644 2511 haberemus,
1703 2426 2084 2528 praedicte
2121 2430 2420 2532 Prepo·

212 2535 449 2611 siture
495 2551 573 2607 et
608 2545 1157 2630 consequenter
1207 2524 1604 2633 prepositis
1640 2556 1779 2634 pro
1825 2549 2167 2637 tempore
2220 2561 2419 2613 con-

210 2640 533 2728 stitutis,
591 2634 769 2713 dare
824 2650 903 2711 et
968 2630 1321 2713 conferre
1369 2635 1870 2741 dignaremur.
1945 2641 2103 2716 Nos
2160 2644 2414 2748 itaque

210 2745 750 2851 supplicatione
786 2741 1134 2849 prelibati
1171 2740 1671 2848 sigismundi,
1729 2746 2100 2820 castellani
2154 2750 2414 2840 nostri,

210 2880 354 2961 per
394 2879 565 2929 eum
618 2852 890 2941 modo,
950 2877 1103 2953 quo
1144 2873 1371 2952 supra
1407 2869 1659 2926 nostre
1694 2851 1944 2928 oblata
1997 2852 2411 2949 Maiestati,

209 2966 335 3069 pie
367 2960 708 3037 exaudita
743 2976 819 3032 et
849 2955 1262 3030 clementer
1294 2955 1634 3049 admissa,
1669 2957 2033 3047 talismodi
2064 2960 2411 3035 collatio-

210 3095 435 3159 nem,
504 3068 1028 3157 donationem,
1102 3063 1830 3166 appropriationem,
1886 3070 2410 3168 perpetuatio-
2464 3110 2483 3121 =

210 3198 425 3267 nem,
483 3193 559 3252 et
592 3172 1079 3251 donationem
1121 3170 1213 3244 de
1254 3171 1601 3273 pretactis
1638 3170 2225 3273 possessionibus
2266 3198 2405 3273 per

207 3299 602 3358 annotatos
647 3283 1163 3384 progenitores
1211 3280 1437 3382 ipsius
1476 3275 1928 3377 Sigismundi
1973 3296 2049 3354 et
2085 3278 2413 3357 fratrum

115 3472 125 3482 ,
206 3406 521 3466 suorum
590 3385 952 3462 antefatae
1006 3387 1560 3489 Praepositurae
1612 3385 1946 3461 Ecclesia
2006 3384 2099 3459 de
2140 3386 2401 3491 Nagy-

207 3492 477 3589 Misia,
528 3492 762 3569 modo
818 3519 975 3596 quo
1025 3518 1294 3597 supra,
1349 3488 1620 3578 factas»,
1682 3507 1921 3586 ratas,
1976 3511 2250 3592 gratas,
2320 3510 2403 3571 et

203 3620 549 3706 acceptas
590 3599 983 3691 habentes,
1039 3598 1315 3675 eisdem
1362 3616 1694 3674 nostrum
1731 3601 2018 3699 regium
2071 3625 2396 3677 consen-

201 3736 370 3787 sum
431 3706 865 3813 prebuimus
910 3720 990 3779 et
1028 3706 1429 3810 prebemus
1484 3704 1938 3779 beneuolum
1998 3707 2282 3809 pariter
2322 3723 2400 3785 et

201 3840 620 3909 assensum3
676 3811 1295 3913 nihilominusque
1330 3830 1488 3886 tum
1531 3808 1619 3881 ad
1656 3810 2059 3886 humillime
2095 3815 2396 3918 suppli-

204 3924 521 3999 cationis
574 3920 1029 4007 instantiam,
1096 3918 1450 4020 praetacti
1503 3912 1988 4019 sigismundi,
2044 3947 2183 4026 per
2223 3948 2398 4001 eum

205 4030 586 4107 Maiestati
624 4044 876 4104 nostro
906 4042 1303 4128 propterea
1343 4041 1767 4128 porrectam
1804 4041 1963 4100 tum
1985 4031 2223 4102 eciam
2258 4055 2401 4132 pro

208 4136 559 4213 fidelibus
588 4135 958 4225 seruiciis,
1014 4161 1097 4207 ac
1135 4130 1463 4207 fidelium
1507 4129 2041 4236 obsequiorum
2087 4136 2400 4225 meritiS,

212 4262 294 4319 ct
347 4244 651 4319 sinceri-s
703 4241 1254 4344 complacentiis
1303 4263 1480 4345 sepe
1541 4239 1669 4313 fati
1722 4238 2208 4375 sigismundi,
2264 4241 2389 4316 Ca·

1867 4353 1960 4419 41
