2926 4849
2164 478 2314 554 533

224 710 490 766 uersos
521 685 834 768 Nobiles
867 688 1183 790 predicti
1214 686 1475 765 Cottus
1511 687 1607 766 de
1649 687 1816 794 Vng
1847 717 1937 768 ac
1974 690 2425 782 vniuersita⁴

226 813 383 873 tem
425 793 758 871 eiusdem
790 812 1133 901 tempore
1168 821 1303 888 eo,
1342 819 1498 898 quo
1534 821 1671 871 nos
1712 814 1920 873 extra
1960 805 2423 900 praetactum

224 927 547 1005 regnum
581 897 916 977 nostrum
953 904 1328 1007 Hungarie
1363 908 1441 978 in
1478 902 1749 978 exteris
1789 903 2132 1007 partibus
2176 921 2252 980 et
2291 925 2431 979 re·-

186 1007 574 1113 ··gio·nibus
617 1007 1004 1085 fuissemus
1034 1010 1441 1096 constituti,
1477 1034 1707 1111 super
1727 1009 2025 1111 singulis
2064 1012 2426 1115 ipsorum.

226 1143 321 1192 ac
349 1114 851 1216 Jobbagiones
885 1113 1321 1193 eorumdem
1353 1116 1727 1191 interdum
1753 1143 1891 1216 pro
1919 1116 2258 1193 subsidio
2297 1116 2430 1194 de·

220 1223 588 1311 fensionis
624 1222 867 1322 Regni
904 1226 1189 1313 nostri,
1250 1239 1326 1296 et
1368 1224 1706 1325 parcium
1741 1222 2029 1300 illarum
2082 1241 2266 1304 tunc
2301 1224 2432 1298 -sa-

225 1328 498 1406 ciende
537 1355 624 1404 ac
667 1354 811 1433 pro
841 1331 1065 1406 certis
1107 1329 1379 1403 nostris
1412 1355 1547 1406 seu
1591 1329 2051 1433 prelatorum
2084 1346 2159 1405 et
2192 1331 2430 1406 Baro·

227 1462 456 1528 num,
500 1437 954 1510 vicariorum
993 1452 1249 1539 vtputa
1284 1452 1693 1522 castrorum
1730 1434 2090 1514 mandatis
2114 1456 2191 1514 et
2228 1462 2429 1514 com·

98 1632 109 1640 .
185 1643 193 1654 ⁸
226 1542 708 1620 missionibus
742 1537 1246 1648 exequendis,
1302 1562 1379 1619 et
1415 1542 1875 1646 quandoque
1905 1570 2050 1648 pro
2087 1543 2431 1650 expensis

228 1651 683 1725 nunciorum
718 1651 1091 1753 ipsorum,
1147 1647 1242 1724 ad
1280 1667 1620 1742 nostram·
1645 1649 2139 1742 Maiestatem,
2177 1650 2299 1731 vel
2335 1645 2434 1724 ad

228 1753 477 1860 dictos
511 1756 848 1833 Vicarios
885 1756 1126 1860 Regni
1169 1759 1399 1832 nostri
1436 1756 2002 1840 rationabilibus
2035 1783 2131 1832 ex
2185 1755 2430 1832 causis

232 1869 419 1938 tunc
454 1888 592 1966 per
633 1864 831 1967 ipsos
872 1862 1452 1957 destinatorum,
1503 1863 2033 1969 interdumque
2070 1888 2165 1938 ex
2213 1887 2435 1938 causa

235 1969 627 2075 profectus
663 1996 759 2044 ac
804 1970 1143 2056 vinitatis
1177 1971 1576 2075 prescripti
1616 1969 2014 2047 Comitatus
2052 1986 2134 2046 et
2151 1967 2432 2044 Incola·

232 2102 406 2153 rum
450 2075 781 2152 eiusdem
817 2077 981 2181 pari
1010 2094 1087 2153 et
1131 2079 1455 2151 vnanimi
1485 2077 1918 2169 voluntate,
1973 2074 2268 2151 crebris
2314 2075 2438 2150 vi·-

231 2175 448 2260 cibus
481 2182 989 2288 impositarum
1015 2239 1038 2277 ‚
1082 2200 1167 2261 et
1218 2182 1526 2261 tandem
1556 2183 1664 2259 ab‘
1687 2182 1967 2259 eisdem
2004 2197 2438 2258 exactarum

235 2286 604 2394 factisque
641 2292 1210 2396 propraemissis
1258 2289 1763 2396 expositarum
1821 2289 2096 2365 nullam
2136 2289 2438 2364 contri-

234 2397 627 2473 butionem
661 2395 911 2476 facere
934 2455 954 2492 ,
1010 2416 1085 2476 et
1117 2424 1367 2503 neque
1404 2394 2048 2476 conuentionibus
2083 2420 2169 2471 ac
2223 2393 2439 2471 Con-
2485 2482 2488 2485 Α

234 2504 798 2609 gregationibus
830 2508 1165 2611 ipsorum
1197 2507 1290 2584 de
1324 2505 1686 2582 concordi
1738 2503 2121 2593 voluntate
2163 2502 2241 2577 in
2285 2527 2437 2577 no-

233 2614 367 2688 stri
395 2611 738 2689 absencia
778 2614 1169 2690 occasione
1203 2604 1735 2721 premissorum
1764 2637 1943 2716 sepe
1980 2632 2296 2686 numero
2332 2603 2437 2682 fa*

235 2720 379 2795 ctis
408 2718 761 2796 interesse
801 2721 1226 2816 voluissent,
1256 2718 1619 2824 prefatam
1656 2744 1889 2825 prope
1923 2713 2433 2792 contribucio·

234 2850 419 2902 nem
461 2824 735 2918 facere,
769 2850 857 2903 ac
892 2825 1308 2904 huiusmodi
1354 2824 2009 2904 Conuencionibus
2045 2819 2437 2899 Nobilium

233 2929 750 3038 predictorum
782 2936 858 3007 in
889 2950 1272 3034 posterum
1306 2932 1565 3010 fiendis
1585 2936 1939 3008 interesse
1972 2932 2458 3037 recusareng‘

236 3039 481 3114 eciam
520 3042 592 3113 in
658 3040 1021 3117 futurum.
1082 3041 1250 3130 Que
1299 3045 1373 3116 in
1435 3038 1973 3140 praeiudicium
2030 3059 2440 3135 grauamen„
2487 3084 2492 3093 -

236 3162 321 3223 et
347 3144 779 3222 scandalum
811 3146 1393 3250 praelibatorum
1419 3145 1810 3223 Nobilium
1841 3138 2157 3246 sepefati
2191 3140 2436 3223 Comi,-
2557 3182 2563 3191 ·

235 3271 433 3328 tatus
498 3251 1134 3329 ceduntmultum
1185 3254 1488 3357 grande.
1565 3252 2001 3357 Supplicans
2064 3242 2430 3322 antefatus

234 3358 623 3435 Ladislaus
668 3359 857 3435 Both
886 3387 1071 3452 suot,
1128 3389 1215 3461 ac
1245 3362 1560 3438 aliorum
1586 3411 1612 3448 ‚
1669 3382 1997 3464 quorum
2032 3379 2258 3456 supra*
2289 3380 2428 3428 no-

238 3465 573 3543 minibus
617 3486 881 3543 nostro
910 3469 1208 3544 culmini
1246 3469 1626 3545 humiliter
1659 3486 1734 3543 et
1767 3464 2045 3540 deuote
2068 3514 2091 3555 ,
2136 3475 2215 3533 vt
2250 3458 2429 3562 ipsis

237 3571 513 3651 exinde
546 3569 642 3648 de
675 3573 1008 3650 remedio
1025 3578 1499 3678 dignaremur
1537 3590 1965 3679 opportuno
1997 3563 2428 3673 prouidere,

237 3679 436 3759 vnde
466 3706 603 3755 nos
642 3678 1065 3758 huiusmodi
1119 3684 1618 3785 parcialitates
1664 3698 1742 3758 et
1798 3674 2139 3753 scandala
2202 3671 2430 3746 Cottu

230 3792 313 3865 in
356 3784 737 3890 praedicto
774 3784 934 3862 fieri
976 3792 1350 3882 nolentes,
1406 3787 1738 3885 fidelitati
1794 3800 2035 3877 vestre
2088 3778 2426 3855 firmissi-

230 3919 364 3971 me
406 3891 890 3999 precipiendo
916 3895 1397 3987 mandamus,
1458 3912 1832 3998 quatenus
1872 3888 2114 3965 statim
2158 3885 2424 3988 agnitis

232 4000 745 4108 presentibus,
806 4002 1135 4098 vlteriori
1175 4001 1269 4078 ad
1320 4000 1466 4078 boc
1509 4017 1764 4074 nostro
1806 4022 1957 4071 non
1992 4009 2423 4096 exspectato

231 4103 584 4186 mandato
621 4130 1093 4209 prenarratos
1123 4107 1437 4209 nobiles'
1465 4125 1541 4183 et
1580 4104 2156 4208 possessionatos
2197 4096 2432 4174 homi-

236 4240 374 4295 nes
421 4214 732 4318 praefati
783 4215 1225 4310 Comitatus,
1300 4214 1436 4322 qui
1495 4239 1575 4292 se
1619 4241 1662 4288 a
1718 4204 2433 4291 Contribucionibus
