2926 4849
2032 480 2179 545 789

94 670 586 779 debendum,
627 674 1285 763 contribucionem
1330 660 1825 790 condignam,
1899 710 2031 763 seu
2089 686 2285 763 solu·

88 794 389 868 cionem
435 798 1050 887 conuenientem,
1091 792 1378 895 absque
1428 795 1633 869 omni
1692 792 2284 870 contradictione

88 897 343 975 fa’cere
376 917 798 976 teneantur.:
842 901 1074 993 Item,
1151 898 1788 1024 quemadmodum
1858 897 2281 994 tributarii,
2352 904 2359 911 ‘

90 1027 326 1108 prout
383 1009 456 1081 in
523 1028 671 1081 vno
720 1008 1076 1085 articulo
1094 1009 1436 1112 superius
1484 1024 1995 1110 expressatur,
2051 1010 2152 1083 ita
2210 1025 2288 1085 et

91 1112 365 1188 eodem
397 1111 625 1189 modo
647 1114 1229 1190 tricesimatores
1262 1142 1301 1188 a
1322 1112 1812 1189 cadaueribus
1845 1112 2295 1206 sudem-um,
2370 1120 2387 1125 “

95 1246 240 1322 per
269 1220 479 1323 ipsos
505 1217 787 1315 Judeos
831 1219 926 1296 de
972 1247 1124 1298 vno
1162 1218 1332 1297 loco
1369 1217 1480 1293 ad
1507 1218 1733 1296 alium
1780 1221 2027 1296 locum
2073 1216 2294 1313 defe-

93 1326 368 1420 rendis,
401 1324 584 1401 nihil
613 1326 934 1402 debeant
971 1346 1450 1453 extorquere:
1500 1332 1716 1421 Item,
1752 1352 1814 1401 si
1833 1328 2292 1403 Christianus

99 1434 367 1536 pignus
411 1431 714 1536 aliquod
756 1432 1038 1537 absque
1086 1436 1604 1512 conuencione
1650 1434 1895 1510 Judeo
1954 1461 2096 1559 pro
2147 1460 2287 1538 pe:-

93 1541 331 1615 cuniis
367 1537 798 1633 tradiderit,
855 1543 973 1617 vel
1023 1542 1416 1645 pecuniam
1459 1543 1619 1618 sine
1684 1544 2198 1617 conuencione
2249 1565 2293 1615 a

95 1645 339 1721 Judeo
381 1646 508 1722 ad
503 1672 808 1723 vsuram
839 1646 1488 1744 accomodauerit,
1543 1664 1820 1724 extunc
1865 1648 2021 1751 ipse
2064 1626 2294 1721 Chri-

95 1756 368 1828 stianus
402 1758 548 1829 iam
584 1752 742 1829 fato
781 1754 1026 1830 Judeo
1057 1780 1203 1859 pro
1235 1780 1455 1830 vsura
1493 1755 1587 1830 de
1624 1752 1932 1855 singulis
1987 1772 2287 1830 centum

95 1858 415 1936 denariis
465 1859 921 1938 ebdomatim
975 1862 1300 1962 singulos
1353 1861 1543 1938 duos
1590 1861 1933 1937 denarios
1991 1862 2289 1938 soluere

96 1984 462 2044 teneatur.
539 1969 773 2061 Item,
840 1966 1163 2068 quilibet
1210 1966 1537 2062 Judeus,
1596 1966 1784 2044 dum
1838 1963 1931 2045 ad
1985 1966 2290 2071 aliquod

100 2074 458 2151 tributum
528 2077 1010 2179 peruenerit,
1065 2073 1163 2149 de
1225 2096 1549 2179 persona
1605 2100 1743 2152 sua
1780 2077 2083 2178 propria
2138 2102 2286 2150 non

94 2179 264 2286 plus
308 2182 601 2258 soluere
643 2197 1066 2277 teneatur,
1104 2184 1243 2257 nisi
1305 2196 1590 2257 tantum
1648 2199 2009 2284 quantum
2063 2180 2291 2258 debe·

93 2302 219 2364 ret
253 2287 549 2365 soluere
583 2315 769 2364 vnus
808 2288 1319 2365 Christianus
1300 2317 1374 2363 ιιι
1419 2288 1538 2363 illa
1575 2292 1909 2377 ciuitate,
1962 2314 2093 2365 seu
2130 2314 2294 2389 pos·

89 2394 413 2473 sessione
458 2391 918 2488 inhabitans,
976 2395 1105 2470 vbi
1149 2379 1433 2471 sudeus
1479 2420 1823 2486 common
1823 2413 2015 2474 atur
2077 2394 2284 2484 Quos

92 2501 446 2579 articulos
479 2521 560 2579 et
597 2497 951 2579 clausulas
985 2500 1079 2576 ad
1116 2501 1409 2579 humilis
1437 2503 2039 2607 supplicationis
2018 2523 2287 2579 instan-

89 2610 287 2685 ciam
328 2609 838 2713 predictorum
863 2608 1374 2703 Judaeorum,
1399 2609 1776 2687 clausulis
1821 2628 1896 2686 et
1951 2609 2282 2687 articulis

87 2719 168 2791 in
214 2715 593 2792 tenoribus
625 2717 1010 2793 literarum
1053 2719 1469 2819 pienarrati
1511 2716 1892 2821 quondam
1918 2721 2107 2818 regis
2143 2716 2279 2792 Be·

87 2823 165 2897 le
201 2827 561 2899 contentis
597 2824 692 2897 de
737 2824 1194 2926 plenitudine
1238 2843 1485 2899 nostre
1525 2828 1726 2928 iegie
1762 2827 2140 2928 potestatis
2200 2839 2278 2897 et

83 2931 331 3032 gracia
365 2931 668 3034 speciali
703 2929 1050 3005 duximus
1080 2927 1667 3022 aduertendum,
1725 2931 2005 3051 pai-iter
2038 2946 2112 3002 et
2151 2926 2272 3001 ad·

82 3035 575 3132 nectendum,
632 3062 837 3112 mera
885 3034 1326 3116 auetoiitate
1369 3053 1445 3110 et
1497 3039 1876 3140 potestatis
1941 3036 2262 3136 plenitu-

82 3141 303 3237 dine,
375 3170 472 3220 ex
528 3162 884 3244 certaque
935 3143 1255 3220 sciencia
1313 3159 1567 3220 nostre
1624 3143 2060 3233 Maiestatis,
2120 3166 2261 3241 pro

82 3249 386 3355 prefatis
417 3252 786 3328 vniam-sis
817 3250 1117 3326 Judaeis
1142 3308 1160 3339 ‚
1217 3251 1703 3353 ipsorumque
1744 3248 2142 3345 heredibus
2187 3264 2263 3324 et

82 3359 630 3461 posteritatibus
670 3361 1493 3435 vuiuersisinnouantes
1529 3359 2033 3462 perempniter
2064 3355 2255 3431 vali-

82 3465 873 3559 :urasoonflrma‘muffi
931 3464 1587 3570 presentisscripti
1623 3465 1860 3540 nostri
1916 3464 2251 3568 patroci-

82 3571 201 3644 nio
227 3571 611 3650 mediante.
647 3575 734 3647 In
760 3575 967 3649 cuius
1000 3572 1110 3647 rei
1142 3574 1626 3662 memoriam,
1666 3570 2251 3672 firmitatemque

82 3696 553 3781 nerpetuam,
658 3693 1037 3783 presentes
1103 3680 1600 3756 concessimus
1656 3679 1901 3753 literas
1972 3696 2253 3752 nostras

82 3783 561 3887 ›riuilegiales
597 3781 1086 3889 pendentiset
1124 3782 1527 3861 authentici
1576 3786 1793 3889 sigilli
1842 3784 2077 3859 nosti-i
2119 3783 2252 3855 mi-

82 3891 319 3986 noris,
363 3920 530 3996 quo
561 3894 676 3971 vti
704 3893 1215 3968 Romanorum
1253 3895 1675 3995 [inperator
1727 3894 2038 3975 wimar,
2093 3891 2251 3968 aliis

82 3999 348 4076 :ostris
379 3998 669 4125 sigillis,
737 4014 894 4076 tam
946 3997 1230 4075 scilicet
1276 3998 1536 4074 maiori
1594 3998 1970 4101 dupplici,
2024 4017 2250 4100 quam

82 4104 308 4182 *ciam
345 4108 611 4183 minori
639 4123 973 4201 secreto,
1029 4105 1306 4210 quibus
1352 4105 1456 4179 vti
1503 4106 1664 4180 Rex
1709 4104 2090 4207 Hungarie
2128 4105 2258 4179 vti-

82 4237 277 4304 nur,
337 4231 676 4316 tempore
721 4215 960 4290 exitus
1005 4213 1235 4287 nostri
1284 4209 1379 4286 de
1437 4233 1675 4314 regno
1740 4210 2115 4300 ilungarie
2164 4209 2255 4282 ad

421 4327 438 4374 ι
