2926 4849
667 551 821 621 2⁷4

554 759 844 864 ginis-in
895 758 1090 833 dicta
1142 754 1466 832 Ecclesia
1517 745 1935 833 nominatus
1982 755 2153 841 loco
2194 756 2525 837 eiusdem
2576 755 2750 832 Ar-

551 863 971 952 ·chidiaconi
1043 862 1610 968 Zempliniensis
1664 865 1741 937 'in
1820 864 2014 940 dicta
2086 866 2417 944 Ecclesia
2481 881 2751 946 nostra

554 974 891 1079 Agriensi
936 972 1208 1046 seruiat
1262 986 1337 1045 et
1378 984 1731 1070 consueta
1769 986 2007 1047 'onera
2053 970 2159 1048 illi
2200 973 2483 1056 debita,
2539 970 2751 1046 face-

549 1109 674 1174 re,
729 1104 1042 1181 gerere,
1097 1094 1174 1152 et
1226 1094 1712 1183 supportare,
1766 1104 1856 1155 ac
1897 1078 2176 1180 singula
2237 1079 2752 1157 emolumenta

550 1206 629 1265 et
663 1190 822 1265 iura
863 1210 1001 1288 per
1053 1187 1292 1288 ipsum
1339 1182 1955 1261 Archidiaconum
2000 1185 2171 1259 alias
2225 1188 2464 1292 recipi
2498 1189 2583 1261 'et
2617 1184 2752 1258 ha·

549 1294 712 1370 beri
755 1308 1147 1383 consueta,
1201 1290 1405 1368 idem
1451 1291 2236 1396 Praepositushabere
2291 1295 2364 1368 et
2402 1294 2752 1396 recipere

549 1395 785 1476 valeat
820 1417 897 1480 et
933 1395 1242 1488 debeat,
1302 1401 1799 1501 praesentium
1833 1399 2250 1500 patrocinio
2284 1399 2741 1486 ordinamus.
2854 1451 2857 1456 =

557 1505 838 1582 Verum
854 1503 1029 1610 quia
1048 1529 1240 1608 quae
1257 1506 1683 1609 specialiter
1698 1506 2178 1606 iniunguntur
2197 1521 2272 1580 et
2292 1505 2758 1611 dispnonunss

551 1629 671 1689 tur
696 1616 1016 1689 tenacius
1057 1630 1136 1688 et
1169 1611 1619 1715 peculiarius
1642 1613 2066 1689 executioni
2100 1611 2396 1689 debitae
2429 1611 2754 1688 deman-

548 1720 841 1814 dantur,
877 1743 1017 1824 pro
1041 1734 1450 1819 augmento
1482 1719 1708 1817 igitur
1729 1736 1806 1795 et
1824 1720 2290 1795 incremento
2323 1718 2555 1794 diuini
2592 1720 2756 1795 cul·

547 1847 706 1920 tus,
760 1842 837 1901 et
883 1827 1289 1928 praecipue
1336 1822 1426 1899 ad
1491 1822 1784 1901 laudem
1836 1845 1912 1903 et
1971 1826 2278 1928 gloriam
2337 1824 2417 1901 Β.
2463 1826 2757 1914 Mariae

499 1927 502 1930 ¹
555 1959 853 2037 semper
890 1933 1234 2034 Virginis,
1292 1933 1361 2005 in
1393 1949 1475 2005 et
1510 1929 1647 2006 sub
1684 1933 1895 2009 cuius
1940 1930 2226 2008 honore
2262 1951 2339 2009 et
2379 1931 2756 2011 vocabulo

544 2056 735 2115 stata
774 2038 1057 2142 capella
1108 2065 1250 2142 per
1295 2063 1432 2113 nos
1487 2040 1728 2115 extitit
1769 2037 2113 2131 fundata,
2171 2041 2446 2144 pariter
2483 2056 2560 2116 et
2612 2039 2757 2116 do-

546 2163 738 2238 tata,
807 2144 898 2217 ad
967 2172 1188 2249 quam
1250 2143 1553 2247 quidem
1618 2145 2001 2249 Virginem
2064 2140 2572 2241 benedictam,
2642 2141 2762 2224 vt'i

546 2251 641 2326 ad
672 2252 1038 2353 singulare
1067 2249 1517 2354 praesidium
1550 2251 2094 2355 confugientem,
2143 2272 2219 2329 et
2256 2272 2550 2331 nostrae
2587 2255 2759 2358 spei

549 2355 952 2435 anchoram
977 2355 2135 2462 fiducialissime,dirigente8‚eius
2146 2363 2422 2437 meritis
2440 2358 2756 2435 etinter-

548 2468 945 2557 uentione,
1000 2462 1089 2539 ad
1135 2479 1479 2541 aeternae
1514 2532 1515 2535 ,
1546 2463 1912 2543 fidelitatis
1968 2467 2307 2544 brauium
2373 2468 2750 2572 pertinge-

550 2600 635 2650 re
688 2574 1128 2672 aspiramus;
1198 2570 1706 2647 ordinauimus
1759 2576 2024 2673 igitur,
2078 2601 2164 2649 ac
2224 2574 2321 2651 de
2377 2598 2753 2650 consensu

552 2666 1117 2784 praedictorum
1176 2675 1518 2751 Fratrum
1572 2695 2001 2755 nostrorum
2074 2681 2166 2756 de
2211 2679 2555 2786 Capitulo
2608 2696 2759 2755 ata·

552 2786 902 2877 bilimus,
957 2783 1163 2888 ,quod
1207 2781 1508 2886 singulis
1559 2783 1865 2879 diebus,
1923 2787 2117 2863 nulla
2172 2788 2757 2895 praetermissio-

555 2919 652 2968 ne
689 2907 767 2968 et
819 2890 1258 2993 negligentia
1311 2892 1895 2985 interueniente,
1951 2884 2033 2968 in'
2068 2892 2450 3000 praedicta
2492 2891 2595 2966 Ca
2653 2896 2758 2970 el·

557 3002 628 3074 la
671 2998 753 3074 B.
792 2999 1074 3073 Mariae
1111 2998 1432 3099 Virginis
1458 3050 1480 3084 ‚
1537 2996 1723 3075 duae
1756 2996 2063 3092 Missae,
2120 3018 2199 3076 vt
2236 3017 2413 3108 puta
2456 2999 2595 3081 die,
2668 3027 2760 3077 o-

560 3106 842 3180 minico
889 3104 984 3179 de
1016 3106 1414 3181 Benedicta
1448 3122 1524 3179 et
1558 3125 1806 3180 sancta
1841 3107 2224 3199 Trinitate,
2280 3104 2464 3183 feria
2497 3102 2763 3184 secun-

567 3214 659 3289 da
699 3238 845 3315 pro
882 3213 1142 3314 requie
1192 3212 1524 3286 omnium
1564 3211 1891 3287 fidelium
1931 3212 2458 3301 defunctorum
2481 3270 2503 3308 ,
2562 3212 2761 3289 feria

569 3321 785 3397 tertia
816 3315 912 3391 de
949 3316 1084 3393 SS.
1128 3314 1558 3420 Stephano,
1588 3317 1932 3395 'Ladislao
1956 3375 1977 3410 ,
2020 3336 2095 3396 et
2122 3318 2465 3413 Emerico
2486 3377 2510 3415 ‚
2541 3344 2763 3429 prae-

572 3427 749 3501 dicti
789 3423 994 3525 regni
1038 3424 1455 3526 Hungariae
1496 3425 1869 3515 Patronis,
1920 3424 2103 3501 feria
2135 3446 2399 3529 quarta
2437 3427 2534 3504 de
2571 3426 2764 3503 Piis·

573 3536 763 3610 simo
829 3527 1184 3605 l‘ontifice
1244 3529 1328 3605 B.
1386 3532 1744 3622 Nicolao,
1802 3531 2015 3607 Feria
2062 3537 2317 3634 quinta
2358 3534 2454 3612 de
2505 3531 2764 3611 excel-

575 3641 977 3716 lentissimo
1040 3656 1132 3713 et·
1171 3638 1797 3713 venerabilissimo
1869 3636 2346 3718 sacramento
2399 3644 2551 3717 Cor
2605 3644 2762 3715 oris

577 3745 880 3823 Domini
938 3744 1180 3821 nostri
1225 3745 1397 3818 Jesu
1443 3743 1752 3837 Christi,
1806 3765 2007 3831 sexta
2060 3747 2153 3823 de
2205 3748 2497 3842 Cruce,
2611 3743 2768 3822 ab·-

577 3851 804 3925 batho
835 3879 1014 3933 vero
1051 3851 1147 3926 de
1179 3850 1700 3950 gloriosissima
1743 3852 2051 3955 Virgine
2086 3853 2315 3931 Maria
2338 3909 2364 3951 ,
2422 3850 2766 3932 eiusdem

582 3959 905 4061 capellae
935 3959 1266 4033 ‘Patrona
1310 3959 1653 4061 speciali,
1708 3960 2110 4054 cantando,
2165 3959 2389 4038 Missa
2421 3989 2603 4038 vero
2643 3986 2768 4035 se·

575 4065 813 4140 cunda
847 4063 1162 4167 legendo
1202 4082 1373 4166 post
1425 4065 1915 4143 eleuationem
1952 4062 2416 4145 sacramenti
2446 4071 2523 4143 in
2554 4064 2762 4143 Mis-

576 4198 655 4249 sa
707 4169 1282 4265 chori'factam‚
1348 4175 1588 4248 statim
1637 4172 2066 4270 inchoetur,
2135 4197 2211 4256 et
2247 4175 2544 4282 singulis
2599 4173 2759 4255 die-

571 4279 716 4358 Bus
753 4270 1161 4383 ‘dominicis
1218 4295 1292 4355 et
1341 4276 1660 4376 festinis,
1713 4303 1884 4360 cum
1924 4280 2176 4397 Qffipio'
2205 4282 2518 4399 proprio
2558 4274 2758 4397 ἔρξο-
