2926 4849
697 519 848 588 276

578 754 686 806 ae,
735 751 874 834 pro
930 724 1163 799 diuini
1236 724 1475 800 cultus
1527 725 2087 828 perpetuatione
2158 725 2444 810 dotatio
2516 751 2819 824 rerum,

580 830 1101 938 temporalium
1142 829 1235 905 sit
1268 832 1716 924 necessaria,
1773 827 2309 936 congruenter}⁸
2361 828 2475 912 Ne
2513 833 2779 936 itaque
2828 819 2839 836 ⁸
2874 919 2877 920 ⁷

575 939 653 1017 in
699 938 1028 1044 praefata
1062 936 1358 1042 Capella
1413 939 1653 1015 cultus
1691 938 1987 1016 diuinus
2026 935 2117 1013 ad
2157 938 2449 1016 laudem
2500 955 2577 1015 et
2610 939 2803 1042 gio-'1

578 1045 764 1134 riam
826 1047 965 1122 Dei
1020 1047 1552 1150 omnipotentis
1584 1100 1651 1140 ,ι
1699 1046 2183 1150 eiusdemque
2253 1048 2778 1138 intemeratae,

571 1153 1293 1266 gloriosissimaeque
1353 1149 1614 1232 Matris
1661 1151 1987 1258 Virginis
2052 1156 2370 1248 Mariae,
2428 1178 2566 1228 nec
2612 1178 2773 1225 uon
2840 1147 2847 1152 ’

573 1287 718 1364 pro
772 1259 1005 1338 salute
1063 1261 1399 1336 omnium
1448 1259 1885 1356 Animarum
1933 1260 2484 1366 Episcoporum
2526 1256 2780 1335 dietae

575 1366 945 1452 Ecclesiae
990 1366 1363 1468 Agriensis
1393 1368 1972 1469 praeteritorum
2000 1365 2347 1443 videlicet
2386 1382 2461 1444 et
2488 1357 2792 1443 futuro'·

569 1501 786 1567 rum,
855 1473 1347 1576 omniumque
1406 1467 1739 1548 fidelium
1816 1474 2379 1574 defunctorum,
2461 1472 2623 1564 sic,
2687 1491 2779 1549 vt

569 1580 1110 1684 praemittitur3
1166 1603 1303 1682 per
1346 1605 1483 1653 nos
1512 1581 1928 1674 institutus.
1972 1608 2065 1672 ex
2094 1582 2427 1664 ,carentia
2466 1576 2777 1655 debitae

566 1687 1010 1791 prouisionis
1075 1685 1503 1789 temporalis
1557 1685 1982 1792 decrescat,
2037 1675 2446 1794 negligatur
2495 1704 2574 1762 et
2614 1685 2779 1760 im*-

565 1811 987 1885 minuatur,
1049 1815 1307 1865 verum
1348 1793 1597 1895 potius
1636 1820 1733 1868 ex
1771 1796 2237 1884 necessariis,
2264 1821 2269 1826 ’
2293 1813 2370 1869 et
2402 1791 2777 1898 prouisio-

563 1899 782 1976 nibus
820 1926 909 1976 ae
948 1897 1466 1976 emolumentis
1513 1900 2080 2005 temporalibus,
2142 1930 2278 2006 pro
2328 1924 2559 1974 onere
2596 1897 2776 2005 ipsi-

566 2034 653 2084 us
701 2007 1028 2109 capellae
1082 2004 1627 2110 supportandis
1684 2006 2203 2111 competenter
2258 2004 2630 2111 dispositis
2672 2035 2770 2083 ac

561 2113 889 2206 donatis,
948 2110 1410 2217 temporibus
1451 2114 1893 2190 successiuis
1946 2130 2022 2188 et
2083 2115 2467 2221 perpetuis
2504 2138 2771 2189 acere-

562 2236 764 2316 scat,
816 2236 1214 2323 augeatur,
1280 2237 1356 2294 et
1407 2217 1875 2295 laudabiliter
1948 2213 2384 2314 extollatur3
2451 2224 2590 2323 pro
2632 2218 2771 2294 di-

564 2343 727 2406 ctae
793 2322 1139 2431 Capellae
1205 2324 1673 2404 Beatissimae
1740 2327 2020 2402 Mariae
2082 2323 2401 2431 Virginis
2451 2328 2768 2430 speciali

568 2433 993 2524 dotatione,
1049 2448 1125 2508 et
1158 2457 1304 2535 pro
1349 2432 1897 2515 antedictorum
1943 2433 2396 2539 Praepositi,
2438 2433 2765 2537 capella·

564 2568 880 2632 norum,
933 2555 1555 2643 caeterorumque
1611 2540 2163 2632 ministrorum,
2217 2541 2294 2616 in
2349 2536 2624 2621 eadem>
2655 2540 2761 2614 fa-

562 2643 1008 2727 mulantium
1074 2646 1545 2749 propensiori
1605 2666 1680 2723 et
1737 2647 2231 2724 commodiori
2286 2649 2765 2725 sustentatio·

566 2780 702 2848 ne,
779 2751 1136 2857 quasdam
1189 2750 1373 2828 duas
1431 2754 1932 2856 possessiones
1980 2752 2352 2830 Ecclesiae
2407 2752 2767 2848 nostrae,

562 2858 910 2937 videlicet
943 2857 1375 2961 Kiss-Tallya,
1413 2876 1492 2933 et
1522 2860 1788 2963 Novay
1822 2858 2215 2965 appellatas
2238 2917 2271 2953 ,‚
2315 2860 2409 2934 de
2443 2883 2761 2936 consen·

566 2994 652 3055 su
702 2985 777 3043 et
827 2990 1126 3043 assensu
1178 2962 1483 3042 fratrum
1536 2984 1968 3044 nostrorum
2012 2967 2106 3042 de
2146 2962 2539 3072 Capitulo,
2574 2993 2762 3061 cum

531 3075 857 3159 'cunctis
910 3076 1234 3178 ipsarum
1288 3070 1601 3149 duarum
1639 3074 2184 3179 possessionum
2243 3072 2579 3173 iuribus,
2623 3075 2763 3150 iu-

565 3180 1164 3279 risdictionibus,
1241 3177 1633 3271 dominiis,
1713 3177 2133 3279 fructibus,
2201 3178 2586 3267 censibus,
2666 3206 2767 3257 ac

566 3285 965 3374 medietate
1007 3285 1455 3365 decimarum
1497 3286 1676 3379 vini,
1713 3285 1927 3362 n‘obis
1959 3312 2052 3360 ex
2086 3286 2276 3364 dicta
2302 3285 2765 3391 Kys-Tallyg

629 3393 1195 3487 rouenientium,
1230 3391 1370 3467 alia
1398 3418 1578 3466 vero
1609 3411 1818 3496 parte
1855 3388 2338 3487 decimarum,
2367 3390 2767 3497 praedicto

571 3424 909 3607 gapituto
988 3498 1390 3606 prouenire
1447 3496 1924 3590 debentium,
2010 3498 2207 3574 salua
2279 3499 2761 3601 remanente3

572 3608 755 3711 item
786 3608 1000 3689 nonis
1034 3608 1412 3681 vinearum
1440 3657 1463 3696 ‚
1518 3621 1596 3679 et
1633 3600 2023 3705 bladorum
2048 3612 2077 3702 ,'
2126 3607 2482 3710 integris,
2532 3606 2767 3683 simul

572 3742 748 3791 cum
785 3713 1134 3790 omnibus
1172 3709 1546 3803 collectis,
1586 3711 1807 3796 taxis,
1841 3708 1916 3786 e't
1949 3712 2471 3816 pensionibuS‚
2523 3713 2767 3789 serui-

573 3822 729 3921 tiis,
787 3821 1248 3924 eaeterisque
1288 3815 1719 3895 vtilitatibus
1752 3820 2024 3920 quouis
2070 3819 2371 3895 nomine
2429 3822 2763 3916 voeatis,

574 3930 668 4003 de
731 3928 895 4007 iure
953 3925 1074 4003 vel
1129 3925 1225 4002 de
1281 3919 1863 4018 consuetudine,
1931 3922 2026 3997 de
2072 3927 2243 4000 iam'
2281 3922 2498 4001 dictis
2560 3925 2768 4006 villis

572 4038 976 4139 prouenire
1032 4032 1506 4126 debentium,
1593 4047 1670 4106 et
1727 4030 1821 4105 ad
1879 4027 2167 4107 easdem
2217 4036 2766 4137 spectantium,

576 4157 947 4246 perpetuo
1000 4155 1080 4216 et
1145 4135 1746 4229 irreuocabiliter
1796 4136 2169 4240 praefatae
2219 4140 2593 4247 Capellae,
2644 4155 2764 4231 et

580 4247 1011 4353 Praeposito
1067 4242 1393 4327 eiusdem
1453 4269 1597 4350 pro
1655 4250 1994 4349 tempere
2044 4245 2381 4325 existenti
2445 4246 2706 4326 damus
2732 4304 2761 4340 ‚
