2926 4849
2011 480 2163 551 819

104 682 302 758 colao
335 678 619 774 Sucza,
670 671 958 754 Thoma
1001 675 1285 773 Fabr03
1331 679 1570 777 ,Petro
1619 679 1974 784 Dvorny,
2028 685 2270 762 Joan-

103 816 191 866 ne
240 784 555 879 Burian,
653 781 968 867 Nicolao
1043 781 1394 879 Panifice,
1485 804 1557 862 et
1625 787 1841 865 Petro
1912 790 2269 875 Okrivich
2316 798 2323 807 ’

102 895 530 998 nuncupatis
569 894 610 964 J
620 892 843 965 uratis
882 891 1190 980 Civibus
1215 947 1236 984 ,
1289 918 1432 992 nec
1475 920 1625 968 non
1677 910 1826 977 tota
1864 926 2004 999 pro
2042 901 2274 978 Com..

103 1003 440 1077 munitate
485 1002 916 1104 praeatta'cti
952 997 1214 1103 oppidi
1250 998 1528 1103 Ujhely
1572 1026 1742 1076 cum
1790 1002 2086 1083 Litteris
2134 1035 2274 1084 eo-

104 1108 401 1185 rundem
440 1108 658 1191 nobis
701 1106 981 1205 missis,
1041 1123 1116 1179 et
1155 1106 1591 1182 sonantibus
1627 1109 1766 1182 sub
1802 1111 2028 1213 ipsius
2067 1118 2276 1220 oppi.

104 1216 171 1291 di
193 1216 422 1318 sigillo
458 1213 816 1289 confectis
848 1211 941 1286 ad
967 1229 1290 1287 nostram
1332 1217 1714 1288 venientes
1753 1224 2265 1319 praesentiam,

104 1326 290 1398 iuxta
325 1347 505 1423 quas
546 1320 733 1395 etin
772 1317 1042 1395 eisdem
1085 1318 1381 1395 Litteris
1423 1320 1737 1423 praefati
1771 1323 2089 1401 Duchon
2125 1332 2271 1405 Ju-

104 1428 332 1527 dicis,
372 1428 849 1528 ciuiumque,
905 1452 990 1501 ac
1032 1424 1648 1521 Communitatis,
1704 1427 1853 1531 jam
1905 1431 2083 1508 dicti
2138 1463 2272 1538 op·
2326 1459 2334 1465 ·

104 1534 245 1641 pidi
285 1533 559 1636 Ujhely
606 1534 921 1607 vidimus
981 1532 1251 1607 clarius
1317 1537 1726 1628 contineri,
1808 1540 2012 1615 vocis
2064 1543 2273 1618 vivae

104 1643 395 1719 oraculo
430 1638 751 1717 confessi
784 1658 956 1717 sunt
991 1640 1071 1714 in
1105 1638 1298 1714 hunc
1339 1639 1686 1719 modum:
1746 1644 1970 1731 Quod
2005 1673 2267 1748 quam..

104 1776 318 1853 quam.
382 1749 517 1853 ipsi
599 1762 924 1824 caeteras
989 1746 1188 1827 inter
1271 1748 1737 1850 quarundam
1808 1748 2271 1832 Libet-tatum
2404 1838 2409 1843 ,

103 1862 422 1962 ipsorum
466 1879 602 1954 per
635 1854 1208 1930 Serenissimum
1242 1855 1670 1958 Principem
1705 1859 2112 1961 Dominum
2154 1860 2272 1937 Si·
2364 1918 2365 1921 ,

104 1961 559 2067 gismundum
625 1962 767 2036 Dei
825 1960 1083 2036 Gratia
1146 1963 1661 2037 Romanorum
1731 1966 2270 2068 Imperatorem

104 2097 385 2173 semper
426 2072 883 2169 Augustum,
941 2093 1027 2141 ac
1074 2067 1497 2169 Hungariae
1546 2088 1684 2147 etc.
1725 2069 2051 2174 Regem,
2108 2078 2275 2152 Do·-

104 2181 375 2255 minum
408 2195 491 2253 ut
548 2194 728 2279 puta
783 2192 1120 2250 nostrum
1164 2179 1334 2277 ipsis
1379 2177 1696 2277 gratiose
1751 2179 2142 2277 datarum,
2197 2202 2273 2259 et

104 2309 608 2360 :oncessarum
630 2280 1003 2358 Clausulas
1039 2282 1277 2372 etiam,
1313 2280 1742 2357 Molendina
1765 2276 2101 2390 frugibus
2133 2316 2276 2394 pro

104 2382 578 2482 molendinis,
656 2391 1071 2494 pannisque
1141 2415 1280 2493 pro
1338 2387 1836 2490 lanificalndis,
1908 2421 2039 2472 seu
2092 2397 2274 2471 den-

104 2500 371 2592 tandiS‚
428 2501 505 2572 in
539 2496 980 2573 -Territorio
1034 2496 1214 2571 dicti
1271 2492 1532 2599 oppidi
1583 2496 1860 2602 Ujhely
1916 2504 1993 2576 in
2043 2503 2272 2579 fluvio

104 2604 412 2683 Bzinech
442 2621 865 2706 nuncupata
902 2602 994 2678 de
1036 2629 1235 2678 novo
1277 2603 1370 2678 ad
1428 2607 1967 2701 construenda,
2024 2628 2100 2686 et
2149 2611 2304 2687 aee*

104 2711 449 2792 lificanda
493 2740 536 2785 a
572 2708 775 2790 dicto
823 2712 1139 2786 Domino
1178 2728 1437 2785 nostro
1478 2713 1693 2814 Rege
1735 2716 1873 2790 sibi
1927 2719 2141 2820 ipsis,
2199 2736 2274 2793 et

104 2818 410 2895 intefato
444 2820 778 2921 ipsorum
830 2816 1655 2918 oppido'impetrassent
1695 2817 2140 2912 facultatem.
2167 2867 2270 2882 —-

104 2929 369 3002 Pamen
412 2928 555 3028 ipsi
604 2923 1274 2998 animaduertentes
1321 2939 1532 2997 certo
1590 2927 1865 3000 certius
1911 2930 2269 3032 agnouis-
2366 3005 2373 3012 ,

104 3051 287 3119 ;ent‚
350 3031 555 3137 quod
598 3028 1048 3137 prae'attaeta
1095 3028 1417 3103 clausula
1468 3029 1614 3102 iam
1674 3031 2044 3110 dictorum
2100 3065 2270 3113 mo-
2356 3061 2362 3072 ’

105 3140 564 3219 andium-um
587 3164 813 3244 super
852 3135 1359 3212 aedificatione
1394 3133 1621 3239 ipsius
1645 3193 1682 3239 ,ί
1707 3142 1815 3215 uti
1853 3142 2273 3246 praefertur

104 3251 300 3342 lata,
358 3266 437 3324 et
479 3248 774 3323 Litteris
833 3262 1313 3348 praesttactae
1372 3244 1653 3348 Regiae
1716 3243 2116 3325 Maiestatis
2162 3252 2271 3325 in·

105 3357 387 3451 emita,
445 3381 584 3456 per
624 3358 867 3428 minus
901 3353 1090 3428 iuste
1143 3353 1219 3424 in
1278 3352 1865 3455 praeiudicium,
1925 3374 1999 3431 et
2048 3354 2266 3433 dero-

104 3490 352 3568 gamen
411 3460 458 3532 J
465 3461 706 3534 urium
744 3459 1361 3561 Libet-tantumque
1398 3455 1828 3537 Monasterii
1869 3462 1953 3538 Β.
2009 3467 2108 3540 Μ.
2150 3464 2263 3540 'V-

104 3570 371 3646 ›rdinis
405 3565 743 3665 Fratrum
787 3565 1337 3641 Canonicorum
1377 3567 1859 3668 Regularium
1895 3571 1974 3645 in
2011 3598 2268 3677 supra·

104 3676 292 3752 licto
335 3675 620 3779 oppido
662 3672 935 3776 Ujhely
983 3668 1322 3766 fundati,
1378 3672 1626 3749 eidem
1677 3674 2136 3753 Monasterio
2191 3697 2269 3753 et.

104 3782 516 3862 Zonuentui
571 3806 704 3856 suo
726 3833 749 3869 ,
781 3797 925 3853 tam
965 3805 1102 3880 per
1137 3774 1454 3852 condam
1488 3780 1959 3884 Magnificum
1995 3783 2273 3887 Stybo-

105 3893 288 3986 ium,
311 3889 409 3968 de
449 3884 893 3970 Bolondocz‚
933 3911 1158 3992 quam
1192 3888 1409 3960 etiam
1442 3886 2047 3968 praedecessores
2079 3896 2272 3996 ipso-

104 4026 251 4073 ·um
294 3995 608 4086 Iudicis,
674 4011 751 4068 et
793 3993 1085 4067 Cinium
1139 3991 1534 4069 salubriter
1583 4014 2142 4092 concessarum,
2193 4017 2269 4077 et

104 4104 422 4192 ndebite
465 4118 695 4189 esset,
757 4097 1167 4201 fuissetque
1204 4102 1634 4201 impetrata3
1688 4148 1797 4164 --
1852 4104 1944 4182 Et
1984 4107 2085 4182 ob
2124 4107 2298 4197 hoc*

104 4212 227 4316 psi
271 4210 694 4287 Clausulam
729 4205 1045 4284 eandem
1086 4233 1347 4283 vanam
1372 4261 1395 4302 ,
1449 4228 1801 4286 cassatam
1825 4269 1845 4303 ,
1904 4211 2270 4312 frivolam,

1743 4328 1839 4395 52
1864 4330 1894 4361 ⁴
