2926 4849
779 445 958 547 sss

695 650 1086 758 produxit,
1176 649 1566 731 coronatio
1619 669 1698 729 et
1750 648 2083 732 inunctio
2145 656 2504 733 Dominae
2535 656 2767 757 Reginae

697 761 1118 862 Hungariae
1163 757 1259 833 ad
1303 782 1384 833 se
1420 777 1792 862 spectaret
1832 777 1908 837 et
1959 764 2404 866 pertineret3
2475 782 2547 840 et
2590 789 2769 864 quam-

695 866 810 941 uis
838 863 1256 941 huiusmodi
1289 891 1463 940 suae
1514 866 1936 944 intentionis
1970 872 2553 973 propositionem
2582 871 2763 970 allega·

693 973 976 1048 tionem
1018 995 1152 1076 per
1185 987 1421 1047 certas
1458 971 1737 1049 litteras
1772 992 1846 1050 et
1869 974 2252 1079 priuilegia
2282 980 2507 1052 etiam
2544 970 2768 1080 priede-

696 1080 1073 1154 cess‘orum
1117 1094 1538 1154 nostrorum
1586 1079 2343 1184 Archiepiscoporum
2395 1083 2766 1186 strigonien·

694 1186 884 1262 sium
940 1199 1118 1259 tunc
1165 1183 1565 1287 productas
1618 1202 1691 1260 et
1727 1186 2057 1262 exhibita
2107 1186 2526 1290 aliqualiter
2561 1188 2767 1264 fimm

692 1290 1091 1384 voluisset3
1145 1292 1317 1392 quia
1356 1307 1602 1367 tamen
1640 1290 2251 1395 praedecessores
2290 1299 2526 1374 nostri
2557 1294 2766 1396 Strigo-

690 1399 982 1472 nienses
1013 1396 1582 1500 Archiepiscopi
1609 1399 1704 1472 de
1735 1402 1925 1474 scitu
1957 1417 2034 1475 et
2079 1404 2449 1477 memoria
2487 1402 2762 1478 hominum

692 1529 896 1599 nunc
949 1500 1358 1578 viventium
1402 1532 1625 1607 quam
1675 1505 1923 1606 plures
1961 1558 1988 1594 ,
2078 1507 2463 1611 signanter
2516 1507 2765 1583 Domina:

692 1610 1006 1685 Mariam
1037 1624 1118 1683 et
1150 1628 1697 1713 consequenter
1727 1610 2129 1689 Barbaram
2163 1617 2518 1720 praetacti
2559 1609 2766 1695 Domini

691 1711 1142 1818 sigismundi
1179 1717 1649 1818 Imperatoris
1697 1735 1775 1794 et
1812 1720 2007 1824 regis
2043 1722 2514 1798 conthorales
2542 1744 2768 1796 coron·-
2814 1754 2815 1757 ¹

571 1858 578 1867 ·
689 1839 867 1897 runt
902 1839 976 1895 et
1013 1822 1467 1898 inunxerunt
1498 1824 1573 1896 in
1608 1825 1938 1928 reginas,
1982 1842 2141 1900 tum
2195 1830 2374 1930 quia
2434 1855 2577 1903 non
2622 1827 2765 1899 aesti-

688 1929 1091 2018 mauimus,
1149 1951 1291 2005 nec
1326 1929 1811 2032 aliquomodo
1838 1932 2181 2010 sciuimus
2216 1954 2350 2011 aut
2391 1952 2766 2039 putassemus,

692 2034 897 2137 quod
969 2057 1194 2136 super
1249 2030 1665 2111 huiusmodi
1741 2036 1940 2113 facto
2005 2043 2513 2117 coronationis
2560 2041 2765 2141 reginae

689 2139 1158 2247 praedictum
1191 2141 1441 2216 Dnum
1484 2141 1928 2246 Episcopum
1948 2147 2148 2223 inter
2163 2165 2236 2223 et
2270 2174 2413 2223 nos
2432 2141 2763 2249 disceptatio
2814 2206 2815 2215 ,

691 2266 768 2324 et
806 2246 1191 2321 difficultas
1225 2248 1402 2323 oriri
1427 2247 1799 2325 debuisset
1835 2250 2171 2351 aliqualis
2197 2274 2277 2331 vt
2303 2251 2602 2359 proinde
2624 2251 2762 2327 etim

688 2371 987 2458 nostrae
1024 2351 1400 2430 Ecclesiae
1432 2355 1592 2430 iura
1630 2374 1705 2433 et
1743 2358 2125 2464 priuilegia
2161 2363 2310 2436 suis
2354 2360 2618 2440 iuribus
2644 2381 2761 2432 son·

690 2460 960 2546 traria,
1049 2460 1165 2537 vel
1215 2461 1713 2561 praeualentia
1771 2491 2179 2567 quaerere,
2251 2469 2677 2573 producere,
2721 2473 2761 2532 d

690 2592 1079 2670 opponere
1138 2564 1657 2665 valuissemus,
1708 2570 1837 2647 sed
1895 2575 2069 2675 quia
2118 2590 2267 2650 tam
2330 2602 2510 2669 nos,
2559 2587 2756 2648 nostru

689 2669 1064 2746 Ecclesiae
1099 2670 1663 2774 strigoniensis,
1717 2704 1942 2780 quam
1979 2682 2201 2758 etiam
2241 2674 2751 2789 praetactusDo-

692 2777 929 2852 minus
956 2776 1368 2883 Episcopus
1406 2806 1580 2857 suae
1617 2782 2226 2891 Wesprimiensis
2279 2790 2626 2867 Ecclesiae
2661 2783 2756 2858 iun

692 2911 790 2960 ex
815 2885 1182 3065 ffpraestito
1215 2901 1559 2963 tenemur
1603 2888 1986 2970 defensare
2027 2896 2486 2992 iurament03
2515 2891 2653 2970 ideo
2670 2906 2758 2994 ¹1³oe

691 2989 773 3068 in
849 3016 1155 3066 auorem
1185 2995 1388 3096 pacis
1421 3010 1500 3071 et
1539 2999 1772 3072 seriae
1829 3001 2194 3079 amicitiae
2215 3060 2239 3098 ,
2294 2992 2757 3078 interuenienti-

691 3095 833 3173 bus
869 3113 1110 3173 tamen
1156 3115 1232 3173 et
1281 3099 1773 3181 mediantibus
1836 3107 2288 3187 notabilibus
2342 3109 2559 3203 viris,
2614 3096 2755 3181 cedis

689 3203 1037 3285 videlicet
1086 3204 1437 3283 Praelatis
1509 3226 1586 3286 et
1640 3211 2098 3311 Baronibus,
2190 3217 2545 3321 praetacti
2599 3202 2755 3307 Regni

690 3307 1159 3413 Hungariae,
1192 3339 1290 3390 ne
1325 3340 1421 3389 ex
1456 3314 1582 3390 tali
1621 3337 1872 3396 nostra
1914 3307 2451 3427 disceptaiione
2484 3318 2752 3424 negligen-

687 3419 787 3493 tia
832 3415 945 3491 vel
980 3416 1445 3495 obstaculum
1488 3422 1790 3527 aliquod
1829 3427 1904 3501 in
1950 3432 2278 3531 praefata
2327 3427 2747 3507 coronatione,

690 3548 883 3625 quae
903 3521 1204 3598 indilate
1240 3545 1553 3632 propter
1585 3532 1811 3608 multa
1854 3551 1929 3608 et
1957 3536 2155 3612 varia
2199 3530 2742 3639 eui‘tandapen'cw

686 3627 759 3704 la
794 3628 955 3703 fieri
997 3628 1305 3726 debuit,
1356 3633 1817 3738 aquieuimus
1880 3640 2082 3719 dicto
2132 3647 2452 3721 Domino
2490 3643 2741 3746 Episoep⁰

686 3735 1255 3840 Wesprimiensi
1274 3790 1300 3828 ,
1360 3757 1436 3815 et
1471 3743 2129 3825 condescendimus
2158 3752 2318 3828 sine
2362 3769 2587 3827 tamen
2615 3758 2744 3845 pne·

682 3838 957 3918 iudicio
988 3845 1264 3920 iurium
1303 3844 1674 3925 Ecclesiae
1704 3871 1998 3930 nostme
2039 3854 2569 3962 strigoniensis,
2594 3839 2746 3922 ’ἰδὲ

680 3949 1139 4028 renissimam
1181 3950 1576 4029 Dominam
1616 3974 1980 4045 nostram,
2036 3965 2429 4040 Dominam
2461 3943 2746 4040 Elisabeth,

683 4052 1194 4134 conthoralem
1228 4056 1575 4139 videlicet
1609 4069 1997 4145 memorati
2054 4071 2350 4147 Domini
2407 4068 2603 4147 Ducis
2641 4058 2741 4169 Α’ξ·

680 4161 940 4256 striae,
993 4183 1070 4241 et
1118 4166 1190 4240 in
1245 4190 1545 4274 regem,
1619 4172 1809 4252 sicut
1862 4179 2400 4282 praemittitur,
2443 4161 2740 4253 electim
