2926 4849
2148 452 2295 519 743

222 661 439 752 simul
474 663 906 766 pariterque
942 665 1018 736 in
1065 682 1388 740 sanctam
1430 680 1505 739 et
1541 665 1828 738 beatam
1872 662 2397 738 reduceremus

221 769 622 860 vnionem,
681 794 849 844 cum
892 796 1026 845 nos
1075 795 1335 874 pacem
1392 788 1470 847 et
1524 770 2129 872 tranquillitatem
2174 771 2403 873 ipsius

220 876 479 975 regni,
563 876 767 977 quod
841 903 1139 982 semper
1215 879 1622 953 amauimus
1696 895 1918 981 atque
1982 876 2399 982 Coluimus,

216 980 670 1062 cordintime
713 984 1156 1077 affectantes,
1211 988 1547 1061 volentes
1591 985 1874 1060 suturas
1913 984 2398 1058 dissensiones

213 1106 298 1163 et
361 1093 944 1184 controuersias,
1034 1090 1308 1189 quibus
1369 1079 1705 1167 subditus
1776 1090 2091 1194 populus
2154 1105 2417 1193 posset·

215 1195 788 1297 quomodolibet
850 1201 1273 1292 conciliari,
1373 1198 1994 1274 conuenientibus
2052 1195 2395 1271 remediis

211 1306 728 1404 praemunire,
807 1302 1338 1407 nonnullisque
1395 1306 1910 1395 remanentiis,
1983 1302 2254 1407 quibus
2315 1305 2388 1375 in

210 1410 745 1511 Compactatis,
808 1436 943 1515 pro
991 1437 1175 1515 pace
1203 1415 1418 1516 regni
1470 1440 1622 1488 non
1671 1411 2064 1486 videbatur
2116 1410 2390 1485 suffici-

211 1531 435 1590 enter
475 1522 856 1619 prouisum
886 1574 906 1611 ‚
961 1519 1355 1596 salubriter
1400 1518 1845 1621 prouidere,
1900 1542 2070 1592 cum
2109 1513 2386 1619 praefa-

208 1623 309 1696 tis
341 1622 1018 1701 Ambasciatoribus
1053 1627 1263 1729 regni
1304 1643 1378 1700 et
1418 1625 2020 1717 Marchionatus,
2075 1624 2168 1697 ad
2221 1624 2385 1697 lau-
2482 1694 2490 1700 .

208 1726 387 1803 dem
414 1732 608 1825 Dei,
666 1758 926 1837 pacem
983 1735 1214 1836 ipsius
1268 1734 1475 1836 regni
1514 1749 1586 1808 et
1621 1732 1950 1841 omnium
1988 1730 2382 1804 circumia-

207 1839 539 1920 centium
595 1841 1014 1932 nationum,
1072 1855 1147 1913 et
1209 1841 1435 1914 totius
1497 1839 1758 1943 populi
1810 1836 2240 1931 Christiani,
2295 1864 2381 1911 ac

204 1941 520 2018 salutem
563 1943 1209 2034 innumerabilium
1258 1946 1694 2021 animarum.
1774 1947 1855 2019 In
1897 1945 2195 2019 nomine
2239 1946 2380 2018 Do*-

204 2051 394 2125 mini
435 2066 700 2126 notum
753 2052 1061 2126 facimus
1116 2052 1478 2126 vniuersis
1531 2069 1604 2126 et
1651 2051 1990 2152 singulis,
2047 2049 2250 2152 quod
2291 2050 2378 2123 ad

203 2158 398 2231 infra
433 2162 737 2261 scriptas
770 2158 1284 2238 conclusiones
1324 2161 1834 2234 consensimus
1876 2173 1950 2230 et
1987 2159 2385 2258 praesenti-

203 2264 346 2338 bus
398 2267 943 2341 consentimus:
1004 2265 1307 2338 Primo
1368 2263 1542 2338 non'
1584 2261 2064 2338 conferantur
2113 2263 2190 2336 in
2253 2287 2381 2337 re·
2479 2355 2487 2363 .

198 2394 351 2473 gno
405 2371 801 2448 Bohemiae
848 2391 935 2447 ac
1004 2369 1490 2447 Marchonatu
1561 2371 1944 2461 Morauiae
1980 2423 2001 2459 ,
2097 2368 2226 2444 sed
2277 2396 2374 2444 o·-
2481 2415 2488 2420 ,

200 2480 458 2552 mnino
531 2485 645 2556 ius
734 2481 1147 2556 collationis
1224 2476 1661 2555 eorumdem
1734 2476 1826 2551 ad
1911 2479 2124 2579 regni
2219 2478 2382 2551 Bo-

197 2583 525 2679 hemiae,
604 2588 879 2665 incolas
951 2584 1164 2688 reg'ni
1209 2585 1652 2675 Bohemiae‚
1751 2610 1839 2659 ac
1896 2581 2372 2659 Marchioua-

199 2709 320 2767 tus
378 2694 759 2774 Morauiae
802 2750 823 2789 ,
921 2697 1086 2769 iure
1157 2711 1525 2796 perpetuo
1594 2689 1898 2766 debebit
1974 2691 2368 2794 pertinere.

198 2798 563 2876 Personae
624 2808 847 2879 etiam
910 2801 1316 2876 saeculares
1376 2817 1452 2874 et
1509 2800 1921 2904 spirituales
1977 2814 2184 2872 extra
2242 2824 2364 2874 re-

195 2933 423 3009 gnum
454 2909 573 2983 vel
615 2908 1201 2987 Marchionatum
1235 2931 1374 2980 nec
1414 2907 1839 2981 citabuntur
1863 2958 1885 2993 ,
1923 2931 2062 2977 nec
2104 2903 2374 2978 iudica-

195 3014 522 3109 buntur,
575 3019 706 3093 sed
765 3044 910 3091 vna
956 3034 1299 3116 quaeque
1350 3038 1664 3114 persona
1715 3009 2204 3085 iurisdictioni
2253 3012 2365 3084 sui

189 3117 558 3225 praefecti
598 3114 995 3227 praepositi
1026 3123 1100 3193 in
1136 3118 1482 3224 praefatis
1521 3143 1755 3220 regno
1794 3131 1870 3192 et
1910 3111 2375 3197 Mai-chiona-,

191 3242 375 3301 natu
424 3228 750 3304 subiecta
809 3231 955 3302 erit
1001 3243 1076 3300 et
1124 3236 1470 3299 contenta
1519 3221 1610 3297 de
1660 3223 1917 3297 eadem
1966 3221 2358 3323 gaudebit,

189 3331 694 3409 Libertatibus
760 3353 1001 3409 tamen
1062 3332 1762 3434 A'rchiepiscopatus
1843 3328 2218 3431 pragensis
2288 3346 2363 3401 et

188 3438 598 3543 priuilegiis
654 3445 733 3515 in
786 3442 903 3514 via
946 3438 1496 3543 appellationis,
1553 3467 1591 3509 a
1638 3435 1775 3509 sibi
1813 3435 2158 3509 subiectis
2199 3432 2366 3536 Epi-

188 3534 646 3649 scopatibus⁸
690 3549 909 3622 saluis
987 3565 1062 3621 et
1136 3544 1413 3621 illibate
1479 3544 1953 3619 conseruatis.
2048 3542 2363 3642 Insuper

184 3653 839 3729 communicantes
881 3654 1020 3729 sub
1059 3680 1204 3725 vna
1255 3653 1502 3754 specie
1548 3651 1624 3722 in
1661 3647 2095 3751 saepetactis
2130 3666 2358 3746 regno

182 3774 263 3833 et
331 3758 885 3854 Marchionatu,
978 3786 1073 3834 ne
1130 3760 1437 3834 confusa
1503 3772 1858 3858 sequatur
1915 3754 2359 3857 permixtio,

184 3885 444 3941 contra
509 3871 847 3971 proprias
906 3867 1206 3940 illorum
1265 3867 1713 3951 voluntates,
1804 3877 1881 3933 et
1946 3860 2359 3949 libertates,

181 3999 339 4049 non
381 3973 972 4067 sustinebuntur,
1028 3970 1157 4046 sed
1193 3971 1547 4046 duntaxat
1579 3974 1651 4044 in
1691 3968 1913 4054 locis,
1966 3965 2044 4040 iu
2083 3964 2358 4067 quibus

104 4106 109 4113 ·
179 4077 549 4187 dupplicis
582 4084 894 4187 speciei,
955 4078 1423 4182 temporibus
1460 4076 1881 4166 retroactis,
1937 4098 2085 4147 non
2121 4094 2364 4147 serua-

182 4184 448 4274 batur,
507 4180 1080 4265 sustinebantur.
1190 4185 1283 4257 Et
1335 4202 1411 4255 vt
1452 4179 1755 4255 mater-ia
1792 4178 2178 4255 occasione
2222 4177 2362 4256 liti·-
