2926 4849
673 473 823 543 356

553 683 895 768 net-atur.
952 677 1311 751 Miramur
1348 669 1655 770 insuper
1685 684 1770 741 et
1822 666 2205 755 dolemus,
2262 664 2467 767 quod
2530 667 2769 743 frater

575 791 645 864 in
688 788 993 877 fratrem
1015 839 1035 874 ,
1066 783 1314 854 minor
1349 777 1421 847 in
1461 776 1820 849 maiorem
1861 771 2000 848 hoc
2035 767 2314 844 facinus
2346 791 2764 866 attentaret.

562 892 727 969 -Sed
766 889 1239 965 nihilominus
1276 878 1451 968 odio
1492 878 1847 955 habentes
1897 904 2233 953 errorem
2292 895 2538 972 tuum,
2599 880 2767 955 sra-

571 1002 828 1102 gilitati
870 1017 1037 1071 tuae
1083 988 1620 1094 compatimur,
1679 1012 1870 1087 quae
1914 1011 1953 1057 a
2002 984 2317 1058 Sathana
2359 1004 2559 1062 mota
2604 1007 2717 1062 est
2744 1046 2768 1083 ‚

569 1125 646 1183 et
683 1106 1026 1180 resistere
1062 1126 1212 1175 non
1260 1096 1505 1202 potuit
1549 1096 1905 1199 passioni,
1959 1117 2279 1196 prauum
2335 1095 2765 1196 cupiditatis

571 1231 646 1288 et
689 1208 1111 1286 ambitionis
1149 1205 1509 1278 humanae
1548 1201 1940 1276 consitium
1981 1200 2386 1301 inspiranti.
2447 1202 2766 1276 Paterno

573 1322 825 1421 itaque
865 1316 997 1391 tibi
1038 1312 1575 1414 compatientes
1624 1306 1924 1396 affectu,
2001 1323 2076 1378 et
2149 1309 2530 1409 cupientes
2592 1312 2764 1381 ani-

573 1454 762 1501 mam
806 1442 1004 1501 tuam
1046 1450 1088 1495 a
1138 1420 1317 1510 tanti
1387 1416 1668 1518 peccati
1713 1414 2008 1487 vinculo
2067 1412 2424 1506 liberare,
2484 1432 2557 1488 et
2614 1415 2761 1488 ab·-

574 1549 904 1633 stet-gere
946 1528 1038 1602 de
1066 1526 1370 1603 nomine
1404 1539 1534 1594 tuo
1568 1518 1932 1594 maculam
1959 1500 2179 1594 ’huius
2220 1518 2603 1615 infamiae,
2643 1550 2766 1598 ro-

568 1664 823 1740 gamus
867 1634 1325 1720 nobilitatem
1372 1646 1611 1708 tuam,
1660 1625 2094 1699 »mandantes
2138 1624 2608 1712 nihilominus
2659 1631 2762 1702 ti·-

495 1785 507 1794 =
572 1744 701 1839 bi,
741 1746 836 1819 in
878 1747 1150 1817 virtute
1196 1752 1485 1811 sanctae
1536 1732 2054 1825 obedientiae,
2114 1737 2335 1836 q‘uam
2385 1753 2763 1837 praestare

533 1942 538 1948 ¹
573 1850 787 1928 nobis
824 1839 1153 1939 teneriS‚
1190 1837 1366 1922 Jesu
1407 1839 1669 1917 Christi
1715 1841 2030 1931 vicario,
2072 1858 2148 1913 vt
2186 1840 2560 1916 humiliato
2600 1867 2765 1918 cor-

523 1960 667 2040 -'de
693 2013 716 2052 ,
758 1975 848 2031 *et
877 1954 1117 2058 petita
1151 1951 1364 2024 venia
1391 1978 1451 2034 *a
1493 1943 1724 2021 fratre
1779 1965 1908 2019 tuo
1955 1944 2047 2019 de
2104 1947 2368 2021 iniuria
2423 1947 2557 2024 sibi
2602 1947 2760 2020 illa-

573 2085 687 2157 ta⁹
745 2087 919 2136 eum
959 2059 1310 2164 pristinae
1362 2055 1682 2131 libertati
1728 2056 2110 2144 restituas,
2168 2073 2243 2127 et
2279 2082 2447 2127 cum¹
2491 2083 2580 2129 eo
2621 2081 2759 2128 re-

575 2194 921 2260 uersurus
973 2172 1046 2239 in
1101 2165 1401 2268 gratiam
1432 2219 1450 2252 ,
1507 2179 1587 2234 vt
1639 2186 1772 2261 par
1803 2178 1953 2251 est,
2012 2158 2316 2234 fratrem
2378 2177 2454 2236 e't
2508 2151 2765 2268 regem

541 2275 831 2378 ..diligas
877 2290 957 2358 et
1006 2268 1346 2348 honores.
1420 2265 1587 2342 Non
1642 2267 1837 2358 enim
1909 2265 2359 2358 dubitamus,
2419 2270 2643 2369 quin,
2704 2270 2764 2341 si

578 2375 1333 2483 voles‘recoonciliari
1365 2433 1382 2467 ‚
1440 2391 1518 2447 et
1557 2368 1632 2446 id
1679 2369 1962 2464 facere,
2024 2374 2226 2476 quod
2280 2376 2766 2468 mandamus,

577 2502 920 2592 rogamus
979 2491 1052 2559 et
1115 2480 1608 2574 consulimus,
1644 2470 1767 2553 .et'
1805 2478 2235 2572 suademus,
2297 2481 2474 2574 tibi,
2555 2481 2766 2587 quod

561 2598 793 2697 statui
827 2612 960 2667 tuo
999 2609 1073 2665 et
1109 2589 1376 2664 honori
1436 2602 1565 2662 tuo
1614 2588 2006 2672 conuenit,
2063 2603 2139 2660 et
2205 2587 2419 2663 saluti
2475 2594 2765 2664 animae

561 2724 788 2797 June,
842 2701 998 2802 ipse
1057 2722 1190 2801 rex
1240 2696 1533 2767 veniam
1605 2692 1960 2794 largietur
2013 2695 2255 2768 errori
2317 2712 2499 2788 tuo,
2557 2715 2653 2791 et,
2687 2726 2770 2773 se

581 2804 967 2889 exhibebit
1039 2830 1212 2905 erga
1286 2820 1360 2877 te
1394 2798 1822 2887 liberalem,
1881 2797 2352 2899 munificum,
2410 2820 2484 2876 et
2535 2803 2767 2878 beni-

562 2904 868 3022 'gnums
908 2929 1328 3010 statumque
1369 2926 1573 2981 tuum
1604 2905 2039 3013 ampliorem
2080 2925 2153 2980 et
2192 2912 2538 2983 tutiorem
2582 2914 2768 3015 ipse·

584 3043 735 3105 met
790 3018 1048 3110 faciet,
1108 3010 1333 3122 quam
1383 3014 1444 3087 si
1505 3032 1762 3089 contra
1819 3015 2261 3088 voluntatem
2315 3017 2483 3091 eius
2532 3034 2769 3092 totam

569 3122 1047 3209 ‚Lithuaniam
1100 3120 1553 3226 occupares}
1629 3146 1856 3219 quam
1921 3121 2329 3222 profectO,¹
2386 3138 2495 3197 eo'
2544 3126 2775 3199 etiam

575 3238 950 3341 ⁵existente
997 3234 1296 3333 captiuo
1335 3227 1453 3302 vel
1490 3245 1821 3311 mortuo.
1882 3242 2143 3300 contra
2187 3232 2592 3331 potentiam
2640 3261 2775 3305 na-

565 3348 839 3445 μιοῑίιιῐιι
878 3342 1105 3445 ipsius
1149 3354 1225 3411 et
1263 3335 1474 3435 regni
1505 3332 1860 3407 -Poloniae
1896 3335 2401 3425 voluntatem,
2458 3337 2777 3414 deuoto-

587 3448 982 3528 rumillius
1026 3442 1466 3533 Serenitati,
1522 3458 1776 3514 tenere
1835 3469 1985 3516 non
2040 3465 2316 3544 posses,
2369 3445 2777 3522 Inuoluere

561 3554 873 3641 ,tantum
911 3569 1129 3659 potes
1175 3574 1384 3637 eam,
1411 3556 1416 3557 ⁷
1443 3545 1793 3649 belloque
1845 3549 2156 3622 miscere
2197 3576 2361 3623 cum
2398 3552 2727 3642 Tartaris
2751 3612 2776 3648 ,

593 3685 668 3739 et
708 3664 1018 3739 vastitati
1047 3656 1446 3746 subiicere,
1478 3677 1668 3743 ¹cum
1705 3673 1945 3757 strage
1982 3653 2309 3729 fidelium
2356 3678 2431 3731 et
2478 3659 2776 3737 effusio-

591 3798 684 3847 ne
722 3767 1090 3871 sanguinis
1134 3760 1564 3853 Christiani,
1617 3786 1705 3835 ac
1752 3762 2085 3865 periculo
2121 3764 2774 3843 innumerabilium

595 3879 993 3952 animarum
1018 3926 1041 3959 ,
1094 3870 1375 3971 quibus
1413 3870 1686 3944 nostris
1726 3869 2188 3970 temporibus
2233 3872 2434 3946 Deus
2475 3876 2778 3975 aperuit

596 3986 848 4059 lumen
881 3982 1246 4071 veritatis,
1280 3994 1353 4051 et
1388 3972 1559 4050 fidei
1586 4000 1782 4048 suae.
1820 3977 2117 4064 Quanto
2164 4004 2345 4053 vero
2389 3986 2773 4085 praestan-

592 4093 736 4166 tius
775 4107 886 4163 est
920 4113 1087 4161 cum
1127 4103 1254 4159 tua
1292 4099 1368 4157 et
1398 4099 1699 4158 tuorum
1736 4085 1983 4182 quiete
2021 4101 2094 4156 et
2140 4112 2369 4187 pace,
2421 4111 2776 4164 securum

536 4274 546 4284 ,
593 4198 1054 4282 vnanimem,
1122 4189 1196 4268 et
1243 4188 1697 4268 concordem
1754 4215 1924 4262 cum
1975 4187 2202 4265 fratre
2270 4178 2399 4267 tuo
2466 4194 2770 4289 viuere,
