2926 4849
778 452 929 526 ⁸3²

670 660 969 740 natione
1011 676 1088 736 et
1127 660 1525 737 collatione
1569 660 1747 735 olim
1779 658 2079 736 Domini
2117 659 2418 758 Geyzae
2462 654 2675 756 regis
2715 656 2840 757 pri·

670 771 799 857 mi,
830 768 1112 844 scilicet
1144 768 1559 843 fundatoris
1583 757 1759 844 dicti
1803 767 2271 859 monasterii,
2305 764 2657 866 legitime
2695 788 2839 835 oon·

673 900 972 951 oernen.
1014 875 1318 978 sibiipsi
1355 893 1430 949 et
1465 873 1616 949 aliis
1652 874 2009 977 proximis
2030 876 2175 948 suis
2209 871 2369 949 dari
2398 890 2483 946 et
2524 868 2839 944 confern’

669 983 1148 1088 postulasset,
1220 986 1298 1054 in
1371 981 1909 1085 praeiudicium
1976 980 2154 1056 iuris
2221 978 2406 1053 dicti
2478 976 2837 1051 monaste·

670 1092 809 1189 rii,
849 1115 937 1164 ac
971 1106 1493 1163 annotatorum
1533 1089 2026 1162 Dominorum
2058 1085 2436 1159 Abbatum
2460 1140 2485 1175 ‚
2520 1085 2836 1159 Fratrum

671 1215 748 1274 et
786 1193 1409 1272 (¹0nuentualium
1449 1192 1658 1267 valde
1699 1219 2074 1296 magnum.
2110 1191 2330 1267 Vnde
2370 1189 2589 1266 facta
2626 1189 2834 1262 huius-

668 1302 871 1378 modi
910 1302 1444 1408 protestatione
1489 1300 1861 1402 praefatus
1897 1298 2284 1387 Nicolaus,
2339 1299 2419 1371 in
2467 1324 2619 1371 sua
2657 1315 2724 1372 et
2753 1296 2834 1369 di·

669 1429 967 1486 ctorum
1007 1409 1278 1482 Fratris
1316 1426 1391 1482 et
1430 1407 1716 1483 Nicolai
1780 1406 2084 1481 Abbatis
2132 1423 2206 1480 et
2254 1405 2622 1481 Fratrum
2666 1405 2831 1476 (kn-

672 1517 1123 1593 uentualium
1183 1515 1407 1591 totius
1466 1512 1741 1589 ordinis
1810 1513 2267 1617 praenotati,
2356 1530 2833 1587 memoratum

673 1621 1231 1724 sigismundum
1286 1618 1806 1698 Romanorum
1851 1622 2389 1723 Imperatorem
2448 1638 2608 1695 etc.
2662 1649 2701 1693 a
2736 1617 2832 1690 do-

673 1733 1010 1813 natione,
1067 1747 1142 1803 et
1202 1728 1637 1817 collatione,
1709 1727 1949 1803 dictae
2009 1726 2504 1829 possessionis
2578 1726 2749 1800 Pelo
2790 1744 2838 1794 et

645 1837 1283 1941 pertinentiarum
1319 1833 1648 1909 eiusdem
1687 1834 2019 1908 Praefato
2052 1831 2367 1909 Nicolao
2407 1834 2739 1907 Vin-testi
2770 1830 2835 1901 di

668 1961 793 2018 cto
836 1960 914 2017 et
950 1941 1108 2016 aliis
1150 1940 1664 2043 quibuspiam',
1717 1957 1793 2017 et
1833 1939 2507 2043 qualitercunque,
2570 1955 2839 2014 annota-

671 2067 825 2124 tum
856 2067 1101 2123 autem
1126 2044 1518 2122 Nicolaum
1550 2049 1618 2120 V
1641 2052 1660 2122 i
1681 2077 1720 2122 r
1746 2065 1874 2122 tes
1898 2046 1927 2121 i*
1954 2047 2260 2138 dictum,
2299 2064 2375 2119 et
2411 2046 2620 2121 alios
2660 2069 2835 2150 quos-

669 2154 857 2231 libet
891 2172 1037 2231 tam
1094 2155 1489 2257 Hungaros
1528 2182 1747 2258 quam
1786 2154 1840 2232 C
1866 2179 2301 2244 umanos‚
2355 2153 2463 2227 ab
2521 2153 2835 2257 impetra·

672 2264 876 2337 tione
910 2290 998 2338 ae
1036 2263 1531 2366 occupatione
1572 2280 1649 2336 et
1689 2261 2117 2353 detentione
2156 2259 2401 2351 dictae
2460 2261 2834 2363 possessio·

673 2373 784 2445 nis
822 2370 996 2448 Pelo
1036 2386 1112 2444 et
1148 2370 1752 2472 pertinentiarum
1791 2366 2155 2458 eiusdem,
2210 2392 2552 2472 vsusque
2596 2368 2832 2442 fructu-

671 2505 798 2552 um
831 2493 905 2552 et
960 2474 1462 2580 quarumlibet
1504 2474 1890 2576 vtilitatum
1949 2476 2273 2551 eiusdem
2333 2478 2832 2578 perceptione,

671 2600 800 2656 aut
837 2582 1494 2686 percipil'actione,
1555 2582 1760 2656 factis
1813 2581 2356 2687 quoquomodo
2391 2585 2519 2657 vel
2565 2581 2831 2670 fiendis,

671 2686 972 2793 publice
1013 2685 1394 2790 prohibuit
1420 2744 1442 2778 ,
1476 2712 1726 2762 coram
1762 2689 1978 2764 nobis
2020 2707 2095 2764 et
2128 2688 2524 2764 manifeste
2548 2745 2576 2779 ‚
2612 2689 2831 2762 harum

599 2846 606 2855 -
670 2811 1084 2870 nostrarum
1124 2794 1550 2870 testimonio
1591 2793 1969 2871 literarum
2011 2796 2399 2872 mediante.
2444 2799 2723 2869 Datum
2758 2794 2832 2867 fe-

546 2963 553 2972 .
669 2905 777 2978 ria
829 2919 1091 3007 quarta
1139 2903 1491 3004 proxima
1544 2922 1710 3003 post
1759 2905 2024 2979 festum
2063 2903 2276 2978 Beati
2313 2903 2641 3001 Georgii
2679 2902 2833 2977 Hm

669 3011 873 3112 tyris.
921 3011 1139 3081 Anno
1174 3009 1480 3082 Domini
1519 3010 1921 3087 Millesimo
1953 3010 2705 3116 quadringentesimo
2739 3010 2832 3086 tri·

669 3117 952 3220 gesimo
987 3117 1280 3192 sext0.“
1338 3113 1422 3188 L.
1483 3111 1558 3191 S.

758 3247 844 3305 Ex
874 3237 1306 3325 authographo
1339 3240 1591 3304 Archiui
1628 3239 1968 3307 cameratis.

1633 3385 1917 3495 CDx1.'

670 3561 991 3635 Capitulum
1037 3560 1272 3616 Albense
1315 3579 1481 3632 cuper
1510 3564 1875 3633 possessione
1921 3563 2107 3617 Archa
2138 3579 2242 3634 per
2290 3563 2580 3618 Alba-em
2625 3564 2683 3614 de
2724 3549 2825 3611 ὅτε

856 3655 1172 3714 contemtui,
1200 3656 1617 3726 crucigeromm
1641 3656 1704 3707 do
1733 3654 1877 3708 Alba
1898 3655 2144 3726 pacifice
2160 3657 2403 3710 nmina
2422 3686 2442 3713 s
2476 3653 2826 3710 ωιεὶωδίί·

850 3742 933 3795 les
972 3742 1266 3814 elargitur.
1297 3742 1364 3798 A.
1413 3742 1573 3798 1436.

859 3858 1278 3960 Capitulum
1336 3855 1710 3933 Ecclesiae
1752 3856 2095 3935 Albensis
2149 3858 2522 3933 Omnibus
2581 3861 2716 3937 Xti
2761 3854 2823 3931 fi·
2886 3887 2887 3896 ¹

664 3963 948 4039 delibus
988 3979 1137 4037 tam
1171 3964 1682 4066 praesentibus
1723 3991 1949 4068 quam
1989 3966 2301 4057 suturiS,
2358 3963 2628 4040 harum
2672 3966 2821 4040 noti·

665 4074 841 4147 tiam
874 4068 1270 4163 habituris,
1326 4071 1637 4147 salutem
1675 4076 1750 4145 in
1805 4074 2073 4168 Salutis
2113 4075 2489 4177 largitore.
2553 4074 2674 4149 Ad
2702 4075 2817 4148 vni·

667 4203 1050 4254 versorum
1086 4180 1423 4276 notitiam
1465 4182 1654 4254 serie
1710 4183 2207 4281 praesentium
2277 4180 2625 4258 volumus
2679 4206 2816 4286 per·
