2926 4849
2118 460 2270 531 56⁶7

196 693 421 744 manu
470 660 651 739 forti
700 663 1248 757 subintrantes,
1317 681 1830 768 penetrassent
1882 686 1961 746 et
2018 669 2376 774 plurimas

194 773 644 851 munitiones
696 790 922 875 atque
982 770 1344 850 fortalicia
1400 791 1752 876 potenter
1818 779 2330 880 expugnantes
2354 830 2380 873 ,

193 877 586 958 nonnullas
622 883 1158 982 possessiones,
1212 897 1289 955 et
1333 880 1540 954 villas
1577 884 1761 982 ignis
1806 883 2167 978 incendio
2206 883 2384 958 bor·

97 1051 114 1070 2
194 987 361 1065 ride
396 988 907 1081 vastauissent3
965 1006 1142 1064 tunc
1176 990 1373 1062 inter
1411 1003 1736 1063 caeteras
1780 990 2384 1065 combustionum

195 1094 638 1170 vastationes
664 1093 881 1168 etiam
906 1092 1315 1199 praefatum
1349 1112 1689 1169 nostrum
1718 1097 2071 1200 oppidum
2114 1095 2388 1171 Zenth·

194 1202 498 1275 Marton
531 1201 1012 1303 appellatum,
1069 1202 1396 1277 totaliter
1447 1200 2014 1295 comburentes,
2070 1204 2382 1277 Vniuer-

194 1332 275 1381 sa
316 1308 703 1410 priuilegia
746 1329 821 1383 et
872 1308 1181 1386 litet-alia
1234 1311 1765 1399 instrumenta,
1822 1336 2046 1413 super
2100 1310 2386 1385 cunctis

195 1410 531 1488 eiusdem
577 1414 834 1515 oppidi
875 1415 1108 1492 nostri
1144 1411 1663 1509 libertatibus,
1718 1416 2255 1521 praerogatiuis
2311 1432 2389 1492 et

192 1520 824 1614 immunitatibus,
883 1522 1260 1620 confecta,
1319 1565 1421 1580 --
1478 1524 1876 1627 penitusxet
1926 1524 2219 1598 intoto
2269 1550 2388 1597 va-

191 1628 450 1703 stantis
521 1628 708 1729 ignis
782 1631 1133 1733 voragine
1188 1627 1785 1706 combussissent.
1841 1669 1953 1687 —
2006 1670 2109 1683 ·-
2165 1627 2387 1704 Vnde

187 1759 336 1808 nos
389 1775 493 1787 —-
550 1732 864 1838 praefati
905 1733 1168 1839 oppidi*
1207 1739 1444 1811 nostri
1508 1735 2086 1811 Zenth-Marton
2140 1735 2388 1837 appel-

185 1839 366 1933 lati,
422 1840 546 1915 has
586 1838 1015 1917 libertatum
1069 1842 1667 1945 praerogatiua8‚
1724 1843 2033 1945 quibus.
2092 1842 2194 1916 vti
2234 1839 2391 1915 fide'

182 1947 582 2049 dignarum
621 1971 1103 2051 personarum
1150 1949 1482 2038 veridica
1523 1949 1886 2037 relatione
1923 1973 2150 2051 super
2206 1947 2384 2021 inde

183 2053 814 2131 certitudinaliter
854 2081 1109 2130 sumus
1159 2054 1569 2141 informati,
1641 2054 1863 2142 iidem
1894 2053 2014 2128 ‘ab
2069 2052 2382 2155 antiquo

181 2182 429 2262 Vsque
481 2164 561 2242 'in
621 2163 1203 2264 praesentiarum
1259 2161 1367 2234 vsi
1408 2156 1750 2252 fuerant,
1844 2160 2251 2266 et-gauisi,
2306 2163 2384 2234 in

182 2283 644 2374 perpetuum
682 2266 1106 2360 duraturas,
1165 2266 1505 2356 duximus
1542 2268 2004 2342 annuendas:
2036 2308 2146 2322 —
2174 2264 2384 2368 quod

184 2390 354 2451 tota
388 2375 877 2449 communitas
920 2400 1050 2450 seu
1076 2372 1574 2450 minet-salitas
1607 2374 1914 2476 praefati
1959 2373 2220 2478 oppidi
2255 2398 2388 2450 no-

184 2483 328 2557 stri
382 2480 957 2556 Zenth-Marton
1024 2481 1421 2571 nominati,
1497 2482 1860 2556 Maiestati
1915 2498 2213 2555 nostrae
2264 2478 2387 2553 vel

182 2591 299 2666 illi
337 2613 468 2662 seu
505 2587 647 2661 illis
691 2598 914 2690 quem
950 2587 1068 2660 vel
1111 2611 1303 2691 quos
1342 2587 1433 2662 ad
1469 2586 1615 2662 hoc
1663 2582 2096 2663 duxerimus
2151 2587 2385 2690 depu-
2508 2626 2513 2629 ·

184 2694 459 2773 tandos
483 2749 503 2789 ,
558 2711 676 2768 ter
717 2698 792 2768 in
847 2694 1186 2796 quolibet
1243 2721 1438 2768 anno
1473 2721 1733 2772 census
1770 2693 2187 2771 ordinarios
2226 2696 2385 2769 siue
2424 2710 2433 2721 ·

183 2801 480 2879 reditus
556 2818 954 2875 consuetos
997 2857 1019 2894 ,
1073 2840 1177 2854 --
1228 2836 1342 2854 -
1398 2800 1905 2877 administrare
1963 2804 2378 2887 teneantur.

183 2912 584 2986 Praeterea
615 2962 635 2996 ‚
693 2907 897 3009 quod
939 2906 1197 2980 eadem
1233 2909 1724 2981 communitas
1766 2950 1870 2962 -
1927 2908 2273 2983 omnibus
2306 2922 2382 2981 et

180 3014 495 3115 singulis
529 3015 686 3087 aliis
722 3012 1193 3087 libertatibus
1221 3066 1241 3103 ,
1298 3014 1834 3115 praerogatiuis
1871 3029 1948 3087 et
1985 3008 2379 3087 consuetu-
2428 3090 2437 3097 ,

181 3121 526 3213 dinibus,
582 3139 880 3221 praeter
913 3118 1490 3222 praemissorum
1520 3145 1871 3194 censuum
1914 3162 2006 3176 --
2070 3118 2377 3195 solutio-

175 3256 412 3317 nem,
468 3227 740 3331 quibus
776 3226 1134 3333 oppidum
1163 3226 1520 3329 'nostrum
1580 3228 1930 3331 Col-pona
1983 3242 2375 3318 vocatum,

181 3332 465 3438 gaudet
500 3352 571 3407 et
627 3338 894 3426 vtitur,
967 3332 1315 3437 gaudeat,
1394 3351 1680 3425 vtatur,
1757 3352 1833 3409 et
1886 3329 2374 3436 praefruatur.

180 3444 466 3517 Datum
509 3440 803 3515 Posonii
843 3438 1038 3514 feria'
1062 3442 1184 3515 111.
1242 3438 1785 3557 proxima'ante
1813 3440 2084 3514 festum
2117 3434 2376 3511 Catha-

176 3549 394 3624 rin'ae
435 3546 526 3621 V.
587 3563 661 3620 et
701 3545 808 3621 Μ.
867 3556 1064 3620 a'nno
1114 3549 1418 3621 Domini
1462 3544 2180 3622 MCDXXXIV-o.“

276 3710 464 3798 Apud
498 3710 920 3772 Katonaflist.
952 3712 1097 3773 Crit·
1130 3715 1310 3772 Tom.
1339 3712 1476 3782 ΧΠ.
1521 3732 1580 3791 p.
1633 3711 1776 3772 651.
1821 3731 1957 3794 sqq.
2006 3705 2197 3769 Biduo
2228 3656 2411 3788 post*

386 3830 565 3893 etiam
596 3828 1087 3911 Neosoliensium
1124 3826 1438 3911 priuilegia
1476 3825 1904 3889 confirmauit:
1973 3829 2194 3886 Datum
2248 3817 2374 3881 Po-

381 3953 536 4017 sonii
595 3954 658 4016 in
705 3954 870 4017 festo
913 3957 978 4013 B.
1045 3949 1408 4012 catharinae
1468 3953 1537 4014 V.
1585 3957 1647 4010 et
1697 3952 1783 4023 M.
1828 3968 1988 4007 anno
2043 3955 2108 4009 vt
2165 3962 2370 4027 supra.

383 4070 634 4135 ibidem.
