2926 4849
527 420 548 434 ’
652 452 806 526 uo

541 682 709 752 tor,
790 679 1084 764 semper
1156 657 1585 762 Augustus,
1676 681 1763 732 ac
1840 657 2263 761 Hungarie,
2336 652 2735 736 Bohemie.

539 769 965 868 ‘Dalmacien
999 767 1312 840 Croacie
1357 782 1501 839 etc.
1547 763 1747 855 Rex,
1787 760 2126 848 fidelibus
2161 763 2475 855 nostris,
2538 765 2735 838 Con·

545 891 808 950 uentus
845 872 1216 950 Ecclesiae
1233 872 1331 946 de
1373 871 1654 959 Jazow,
1698 871 2007 947 salutem
2045 888 2121 947 et
2157 873 2503 975 graciam:
2542 869 2739 944 Cum

540 1007 679 1058 nos
720 995 877 1057 tum
915 979 1005 1055 ad
1040 979 1596 1082 supplicationis
1633 976 1867 1053 fidelis
1908 981 2182 1062 nostri,
2237 1004 2555 1080 egregy,
2611 973 2740 1052 Si·-

474 1114 479 1120 ·
537 1088 948 1190 gismundi,
1007 1086 1134 1161 filii
1181 1085 1562 1189 quondam
1601 1087 1905 1161 Martini
1949 1084 2041 1160 de
2080 1085 2547 1189 Lapispatak,
2602 1084 2739 1158 Ca-

412 1251 420 1260 .
539 1193 831 1272 atellani
875 1195 1092 1270 castri
1145 1193 1377 1269 nostri
1424 1193 1928 1294 Posoniensis‚
1987 1218 2126 1295 pro
2168 1209 2379 1294 parte
2420 1193 2740 1293 Praepo-

541 1303 861 1397 siturae,
917 1328 1048 1377 seu
1093 1301 1411 1376 ecclesie
1437 1298 2001 1401 Preposituralis
2041 1302 2116 1373 in
2165 1299 2453 1374 honore
2483 1297 2561 1372 S.
2585 1300 2736 1373 Ni-
2832 1309 2839 1318 '

537 1409 733 1486 colai
773 1406 1238 1486 Confessorls,
1273 1409 1345 1479 in
1388 1407 1844 1510 possessione
1887 1407 2381 1507 Nagy·Mysle
2424 1422 2735 1496 vocate,

538 1543 685 1622 per
723 1517 1246 1620 progenitores
1292 1515 1517 1616 ipsius
1554 1513 2038 1615 sigismundi,
2093 1539 2181 1587 ac
2219 1514 2529 1589 fratrum
2560 1537 2737 1614 suo·

537 1623 757 1713 rum,
811 1643 893 1700 vt.
944 1621 1264 1710 dicitur,
1317 1618 1712 1710 fundatae,
1768 1640 1847 1698 et
1890 1639 2441 1722 consequenter
2485 1617 2735 1694 hono·

541 1729 798 1809 rabitis
850 1730 1131 1823 nostri,
1186 1725 1497 1803 Domini
1553 1728 1896 1804 Damiani
1952 1728 2359 1829 Praepositi
2405 1726 2735 1807 eioedem

543 1838 876 1916 Ecclesie
920 1854 1320 1944 propterea
1375 1831 1749 1910 Maiestati
1790 1851 2059 1919 ’nostre
2101 1834 2391 1928 oblate,
2448 1850 2609 1908 tum
2641 1860 2735 1908 e-

544 1949 734 2023 ciam
795 1973 935 2049 pro
986 1942 1318 2019 seruiciis
1371 1938 1702 2017 eiusdem
1754 1938 2248 2044 Sigismundi,
2304 1967 2446 2045 per
2489 1943 2736 2047 ipsum

545 2053 769 2130 nobis
814 2051 994 2131 locis
1027 2048 1294 2156 debitis
1336 2066 1415 2126 et
1462 2046 1923 2151 temporibus
1966 2052 2411 2153 opportunis
2438 2104 2461 2141 ,
2514 2047 2738 2124 exhi·-

482 2223 499 2240 ,
546 2159 761 2252 bitis,
817 2178 893 2236 et
948 2160 1347 2262 impensis,
1419 2155 1895 2233 collationem
1925 2210 1946 2247 ,
2001 2157 2736 2260 appropriationem,

547 2267 1240 2371 perpetuationem,
1315 2266 1857 2365 possessionum
1911 2262 2441 2367 Nagyss-Misle,
2498 2260 2737 2356 dicte,

551 2372 1063 2480 predicte,·ac
1106 2370 1543 2466 Kis-Misle,
1591 2370 1925 2475 Kisfalu,
1980 2370 2286 2475 Balogd,
2345 2387 2425 2447 et
2462 2370 2739 2459 Otswn,

554 2487 631 2561 in
697 2480 1271 2584 Abaujvarensi,
1345 2504 1489 2557 nec
1538 2501 1691 2555 non
1741 2480 2134 2571 Boroszla,
2186 2480 2377 2557 Jano
2436 2494 2739 2555 vocata·

552 2614 768 2680 rum,
824 2605 912 2663 et
949 2585 1338 2661 medietate
1405 2586 1883 2687 possessionis
1941 2584 2188 2663 Miz-ck
2249 2584 2616 2691 appellate
2654 2584 2738 2660 i'n

555 2693 782 2775 Saros
819 2690 1303 2771 eomitatibus
1356 2688 1819 2785 habitarum,
1875 2710 1951 2771 et.
1997 2706 2296 2769 ex'vna
2347 2720 2484 2798 per
2532 2691 2745 2791 ipsos

547 2803 1081 2899 -Progenitores
1144 2797 1373 2904 ipsius
1424 2792 1872 2897 ,Sigismundi
1930 2817 2012 2876 et
2058 2800 2370 2877 fratrum
2428 2794 2746 2875 'suumn

555 2906 800 2982 eidem
854 2905 1276 2998 Ecclesiae,
1356 2924 1431 2982 et
1489 2925 2034 3009 consequenter
2093 2909 2533 3012 praepositis
2602 2930 2747 3010 pro

477 3085 489 3099 ,
555 3032 896 3116 tempore
956 3012 1414 3103 constitutiS,
1471 3009 1721 3103 factis,
1798 3019 2049 3118 vigore
2116 3016 2425 3091 aliarum
2479 3013 2745 3091 litera·

547 3148 720 3199 rum
759 3119 1170 3199 nostrarum
1224 3119 1494 3196 exinde
1539 3120 2036 3221 prosectarum
2077 3138 2415 3201 nostrum
2454 3125 2748 3227 regium

555 3252 996 3331 consensum
1050 3226 1447 3332 prebemus
1500 3245 1576 3303 et
1623 3254 2034 3322 assensum3
2089 3230 2589 3329 nihilqminus‘
2631 3246 2744 3305 to·

552 3350 712 3419 tum
787 3340 893 3413 ius
936 3354 1304 3415 nostrum
1387 3335 1731 3439 regium,
1808 3362 1895 3412 ac
1972 3339 2154 3413 iuris
2222 3355 2744 3441 patronatum,

531 3443 613 3514 -si
670 3442 872 3544 quod
921 3460 995 3515 et
1046 3468 1270 3542 quem
1320 3444 1394 3515 in
1457 3445 1802 3546 pretactis
1856 3442 2445 3549 possessionibus
2499 3445 2749 3544 Nagy-
2836 3454 2845 3460 ’

553 3545 851 3647 Mysle,
940 3549 1413 3641 Kis-Misle,
1504 3565 1579 3625 et
1665 3550 2091 3641 Kiss-falu‚
2166 3552 2500 3654 Balogd,
2577 3548 2750 3626 015-

547 3668 728 3749 wa,·
813 3656 1164 3745 Bros210‚
1267 3674 1341 3730 et
1425 3659 1617 3745 Jano
1726 3656 2048 3752 vocatis,
2145 3684 2233 3733 ac
2338 3660 2748 3736 medietate

546 3763 1024 3861 possessionis
1083 3764 1346 3837 ·Mirck
1430 3765 1847 3856 nominate,
1946 3770 2018 3841 in
2100 3789 2425 3869 quorum
2525 3768 2752 3868 paci-

538 3866 684 3943 fico
743 3867 1075 3944 dominio
1119 3870 1315 3945 idem
1383 3867 1905 3971 sigismundus
1962 3891 2408 3974 praet-‚actam
2471 3874 2752 3977 Prepe-

529 3974 878 4067 situram,
951 4004 1076 4051 seu
1143 3977 1541 4053 Ecclesiam
1608 3980 1807 4052 Beati
1877 3981 2161 4056 Nicolai
2227 3980 2747 4071 Consumtis,

519 4097 600 4153 et
665 4101 1214 4186 consequenter
1267 4087 1683 4161 Dominum
1760 4087 2197 4165 Damianum
2260 4087 2747 4193 prepositum
