2926 4849
2084 500 2247 572 ,441
2346 488 2367 558 ἕ

1061 698 1477 779 CLXXIX.

190 841 508 915 Capitulum
534 844 836 898 lauriana
869 846 1210 901 conuentum
1251 848 1315 900 de
1351 845 1574 902 ωσι-πα
1612 850 1687 902 in
1729 852 2144 920 poeeeus'onem
2178 853 2364 910 &rod

384 934 513 986 sine
545 931 989 989 manaim-tione
1016 937 1389 990 ines-aduenam
1420 938 1627 1008 rosere„
1648 940 1716 992 A.
1756 940 1917 996 1⁴32.

382 1048 537 1124 Nos
605 1047 1031 1154 Capitulum
1096 1048 1461 1127 Ecclesiae
1508 1053 1903 1130 Jauriensis
1956 1057 2359 1133 memoriae

184 1154 828 1232 commendamus:
916 1157 1137 1246 Quod
1173 1157 1430 1234 literas
1483 1158 1854 1264 Magnifici
1909 1148 2203 1236 Nicolai‘
2264 1163 2358 1240 de

167 1264 431 1357 Gara,
483 1265 693 1366 regni
735 1263 1161 1366 Hungariae
1198 1264 1503 1339 Palatini
1550 1285 1625 1343 et
1666 1265 1950 1341 Judicis
2004 1267 2362 1345 Cumano·

182 1395 398 1461 rum,
470 1370 891 1472 recepimus
940 1374 1046 1447 in.
1077 1369 1258 1446 haec
1314 1370 1579 1454 verba:
1662 1373 1936 1448 Amicis
1989 1373 2136 1449 suis
2196 1375 2361 1452 ΗΒ..

182 1474 544 1579 ΟερίιιιΙσ
581 1474 907 1551 Jaurien.
943 1514 1050 1533 -
1082 1515 1194 1535 -
1221 1471 1567 1553 Nicolaus
1603 1478 1696 1555 de
1748 1479 1943 1554 Gara
1983 1478 2105 1573 (vt
2146 1504 2366 1583 supra

181 1607 390 1656 anno
427 1580 694 1676 1431.)
733 1579 957 1660 Vnde
981 1608 1118 1659 nos
1136 1582 1640 1661 amicabilibus
1658 1584 2139 1689 petitionibus
2162 1613 2368 1690 prae·

169 1688 455 1792 scripti
503 1689 801 1764 Domini
843 1688 1128 1766 Nicolai
1163 1689 1462 1766 Palatini
1505 1691 1923 1767 satisfacere
1985 1690 2363 1789 volentes,

185 1820 334 1869 vna
376 1819 547 1870 cum
586 1793 918 1899 praefato
966 1795 1192 1873 Paulo
1246 1795 1341 1877 de
1385 1797 1731 1900 Potyond
1757 1854 1780 1891 ,
1835 1792 2131 1874 bomine
2186 1823 2366 1896 suc,

181 1914 533 1977 nostrum
605 1898 983 1979 hominem
1012 1961 1037 2000 ,
1093 1903 1484 1981 ·videlicet
1556 1907 1952 1981 Dominum
2020 1903 2367 1996 Eritium,

183 2005 436 2083 Chori'
457 2006 831 2087 Ecclesiae
851 2028 1157 2086 nostrae
1196 2009 1775 2105 subdiaconum',
1831 2010 1931 2086 ad·
1979 2012 2373 2114 praemissa

175 2114 648 2220 peragenda,
705 2133 963 2193 nostro
995 2143 1138 2224 pro
1175 2118 1599 2193 testimonio
1642 2116 1787 2194 lide
1823 2117 2126 2220 dignum
2165 2115 2373 2194 duxi·

183 2245 364 2295 mus
403 2221 1084 2319 transmittendum3
1125 2225 1256 2330 qui
1292 2223 1589 2302 tandem
1624 2223 1716 2299 ad
1757 2250 1891 2299 nos
1928 2225 2213 2300 reuersi·
2247 2248 2374 2299 no-

183 2325 305 2402 bis
345 2326 820 2406 concorditer
857 2329 1292 2418 retulerunt,
1328 2331 1541 2438 quod
1579 2331 1955 2437 praefatus
1988 2329 2211 2405 bomo
2247 2327 2374 2403 Pa·

180 2432 505 2510 latinalis
537 2452 931 2540 praesente
961 2436 1163 2518 dicto
1200 2457 1451 2516 nostro
1497 2441 1918 2516 testimonio
1952 2435 2072 2513 die
2116 2435 2373 2512 Domi-

179 2544 369 2617 nico
400 2542 748 2646 proximo
772 2561 944 2620 ante
968 2540 1686 2623 festumcathedrae
1708 2545 1909 2622 Beati
1949 2544 2141 2620 Petri
2166 2541 2369 2649 Apo·
2419 2557 2441 2579 ·

181 2646 361 2725 stoli
384 2703 406 2739 ‚
447 2650 785 2753 proxime
818 2653 1232 2755 praeritum
1265 2653 1356 2728 ad
1402 2652 1665 2728 faciem
1700 2650 1941 2730 dictae
1980 2652 2373 2755 possessio·

176 2757 302 2829 nis
338 2752 588 2829 Sarod
628 2772 933 2833 vocatae
956 2814 977 2852 ,
1033 2759 1295 2837 vicinis.
1340 2776 1417 2835 et
1463 2758 1990 2835 commetaneis
2043 2756 2374 2832 eiusdem

182 2863 548 2936 Vniuersis
574 2914 599 2953 ,
652 2858 839 2938 inibi
888 2864 1212 2967 legitime
1262 2868 1693 2942 conuocatis
1739 2883 1813 2941 et
1872 2860 2374 2967 praesentibus

175 2966 619 3044 accedendo
640 3024 663 3064 ,
719 2970 1241 3048 introduxisset
1278 2970 1649 3076 praefatos
1706 2972 2109 3045 Dominum
2165 2970 2374 3046 Prae-

179 3076 523 3180 positum
555 3090 630 3149 et
673 3074 1144 3152 Conuentum
1207 3077 1285 3154 in
1338 3076 1748 3152 dominium
1812 3071 2185 3168 eiusdem,
2235 3091 2373 3150 sta·

176 3180 602 3282 tuissetque
639 3180 948 3285 eandem
986 3181 1227 3260 eidem
1249 3239 1273 3278 ‚
1327 3182 1501 3258 cum
1541 3179 2057 3258 omnibus-suis
2116 3177 2371 3277 vtilith·

177 3286 393 3365 tibus
426 3301 506 3362 et
561 3286 1022 3390 pertinentiis
1059 3288 1391 3366 eiusdem
1439 3288 1750 3365 cuilibet
1782 3285 2184 3394 praemisso
2206 3288 2371 3385 inre

175 3393 367 3497 ipsis
405 3391 896 3487 incumbenti,
953 3414 1317 3499 perpetuo
1357 3395 1728 3502 possiden.
1778 3391 2085 3471 tenen&
2130 3391 2369 3483 etffliaf-

177 3497 518 3575 bendum
537 3554 560 3594 ‚
614 3501 908 3575 nemine
944 3498 1126 3577 inibi
1156 3501 1710 3581 'contradictore
1746 3513 2150 3607 apparente
2174 3553 2197 3590 ,
2251 3497 2378 3576 tri-

73 3671 88 3681 ,
176 3605 332 3682 bus
363 3607 594 3681 etiam
631 3603 893 3682 diebus
945 3608 1321 3685 continuis
1355 3606 1584 3686 'iuxta
1641 3609 1854 3712 regni
1911 3601 2376 3701 consuetuni-

176 3738 368 3787 nem
387 3763 414 3799 ,
472 3709 548 3784 in
586 3708 782 3788 facie
819 3712 1155 3791 eiusdem
1180 3724 1468 3794 moram
1520 3710 1885 3792 faciendo.
1942 3712 2222 3788 Datum
2256 3702 2376 3787 ‘se-

176 3815 484 3893 decimo
511 3814 652 3893 ‘die
689 3816 840 3894 diei
879 3824 1303 3898 statucionis
1327 3821 1796 3927 praemissae.
1848 3818 2078 3896 Anno
2126 3817 2380 3896 Domi·
2483 3874 2487 3878 -

121 3936 132 3943 ·
176 3925 265 4104 111}
307 3914 704 4101 hgillesinio
759 3924 1487 4043 quadringentesimo
1538 3928 1917 4036 trigesimo
1964 3923 2381 4003 secuudof‘

279 4162 369 4225 Ex
401 4153 621 4227 arbiuo
657 4155 974 4230 Camerali.
