2926 4849
2097 469 2245 540 717

149 673 515 766 maxime,
573 700 667 751 ne
724 671 1157 751 collationes
1195 673 1698 751 Dominorum
1742 675 1862 750 vel
1901 674 2357 780 Principum,

152 814 200 860 a
244 780 607 860 memoria
637 778 1196 857 succedentium
1231 778 1453 862 simul
1501 807 1676 857 cum
1708 797 2048 885 tempore
2088 782 2358 858 laben·-

153 909 234 969 te
270 888 707 965 allabantur.
774 885 1097 963 Proinde
1128 883 1222 960 ad
1261 890 1781 964 vniuersorum
1816 890 2168 965 noticiam
2204 906 2370 965 tam-

153 996 663 1104 praesentium
702 1009 927 1100 quam
966 995 1439 1086 futurorum,
1478 994 1740 1069 harum
1783 999 1976 1070 serie
2016 997 2356 1074 volumus

152 1106 597 1209 peruenire:
655 1102 855 1207 quod
911 1127 1045 1176 nos
1099 1101 1343 1178 literas
1409 1100 2015 1180 Excellentissimi
2075 1103 2357 1180 Princi-
2468 1135 2475 1142 ·

152 1214 271 1317 pis
311 1210 616 1308 Domini
656 1213 935 1302 nostri,
997 1206 1299 1282 Domini
1350 1206 1812 1314 sigismundi
1842 1266 1861 1300 ,
1922 1210 2062 1284 Dei
2111 1207 2355 1311 gracia

153 1318 426 1419 Inclyti
486 1314 1013 1412 'Romanorum
1097 1318 1579 1421 Imperatoris
1630 1341 1935 1420 semper
1994 1316 2370 1420 Augusti,
2461 1387 2465 1396 .

152 1452 245 1500 ac
280 1423 711 1530 Hungarie,
765 1422 1166 1516 Bohem'ie,
1224 1420 1644 1518 Dalmacie,
1673 1421 1991 1498 ‘Croacie
2031 1441 2172 1499 etc.
2213 1426 2356 1497 Re·

152 1534 304 1635 gis,
360 1531 578 1607 nobis
617 1529 936 1607 directas
979 1553 1332 1634 supremo
1372 1556 1548 1605 cum
1603 1529 1936 1628 honore,
1990 1543 2354 1634 metuque

151 1639 577 1742 recepimus
606 1639 685 1712 in
725 1634 911 1714 hacc
956 1635 1227 1715 verba:
1287 1633 1457 1742 sig
1482 1627 1795 1712 ism²un
1824 1634 1871 1710 d
1895 1664 1941 1709 u
1966 1661 2000 1709 s
2057 1633 2162 1738 (v.
2220 1661 2350 1712 stt-³

152 1774 291 1852 pra
321 1773 518 1823 anno
556 1744 754 1844 hoc).
814 1747 970 1822 Nos
1010 1744 1237 1849 igitur
1278 1735 1655 1851 preceptis
1690 1761 1767 1821 et
1808 1740 2211 1836 mandatis,
2252 1744 2356 1818 di-

156 1853 267 1930 cti
320 1854 616 1928 Domini
658 1854 891 1928 nostri
931 1854 1123 1955 regis
1157 1853 1233 1925 in
1277 1851 1626 1927 omnibus
1672 1846 2050 1928 humiliter
2095 1849 2354 1925 obedi·

153 1987 245 2038 re
282 1962 665 2064 cupientes
691 2016 713 2053 ,
767 1977 849 2046 vt
883 1976 1265 2055 tenemur,
1318 1987 1460 2034 vna
1509 1985 1682 2034 cum
1723 1958 2096 2064 prelibato
2134 1960 2181 2031 J
2185 1985 2354 2034 oan-
2413 2005 2418 2012 -

155 2094 257 2145 nc
292 2067 629 2147 Gombos
671 2065 766 2143 de
813 2063 1162 2140 Kisfalud
1190 2120 1211 2158 ,
1263 2062 1564 2142 homine
1614 2064 1812 2142 dicte
1852 2065 2058 2168 regie
2115 2064 2354 2141 Sere·-
2427 2119 2440 2126 ,

152 2175 403 2251 nitatis
440 2182 777 2252 nostrum
813 2171 1234 2267 hominem,
1291 2169 1640 2247 videlicet
1672 2170 1981 2248 fratrem
2039 2170 2351 2264 Andre-

156 2309 283 2358 am
308 2337 331 2376 ,
410 2281 914 2360 Presbiterum
939 2334 962 2374 ,
1054 2275 1147 2354 ad
1198 2282 1557 2383 premissa
1611 2278 2036 2383 peragenda
2086 2297 2353 2354 nostro

162 2414 308 2493 pro
364 2389 787 2467 testimonio
832 2386 1363 2465 transmisimus
1424 2384 1569 2464 fide
1633 2385 1961 2490 dignum.
2018 2386 2355 2463 Tandem

155 2496 387 2572 iidem
424 2495 689 2573 exinde
718 2493 811 2570 ad
858 2520 992 2569 nos
1029 2497 1315 2571 reuersi
1374 2510 1570 2581 voce
1622 2490 1833 2594 parili
1898 2496 2355 2587 retulerunt,

72 2662 75 2665 >
161 2600 377 2706 quod
416 2606 557 2704 ipsi
595 2605 672 2679 in
713 2599 909 2678 festo
945 2601 1153 2678 Beati
1185 2600 1381 2705 regis
1415 2598 1776 2704 Stephani
1799 2602 2141 2705 proxime
2181 2626 2357 2677 euo-

160 2710 328 2786 luto
358 2710 711 2788 etdiebus
732 2708 1365 2812 subsequentibus
1387 2709 1480 2811 ad
1527 2709 1751 2784 facies
1777 2710 2355 2812 prescriptarum

219 2820 710 2897 ossessionum
743 2818 958 2917 Nagy
1006 2815 1256 2908 Misle,
1314 2816 1481 2891 Kiss
1518 2815 1778 2910 Misle,
1835 2815 2162 2908 Kisfalu,
2224 2816 2353 2887 Ba-

159 2847 340 3029 fogd
369 2981 390 3019 ,
445 2923 692 3002 Olswa
721 2979 741 3015 ,
798 2921 1193 3023 Boroszlo,
1228 2936 1304 2997 et
1339 2921 1530 2996 Jano
1566 2940 2032 3012 vocatarum,
2090 2939 2167 2995 et
2208 2945 2355 2993 me·

160 3029 436 3108 dictate
476 3029 958 3136 possessionis
992 3027 1233 3102 Mirek
1270 3026 1726 3131 appellatae,
1802 3028 2224 3102 vicinorum
2281 3042 2355 3099 et

158 3153 847 3230 commetaneor‘um
926 3132 1275 3239 legitimis
1348 3133 2020 3211 conuocationibus
2098 3132 2352 3215 factis,

159 3246 818 3352 presentibusque
878 3238 1298 3316 honorabili
1393 3257 1470 3318 et
1574 3238 1919 3342 religioso
2000 3242 2166 3315 viro
2260 3237 2349 3311 D.

157 3351 548 3458 Stephano
588 3349 884 3427 Abbate
922 3350 1015 3424 de
1059 3346 1418 3452 Szeplak,
1475 3343 1854 3450 Stephano
1907 3344 2059 3420 filio
2116 3345 2360 3435 Joan-

157 3460 282 3536 nis
317 3458 415 3535 de
451 3456 840 3535 Kekebaza
862 3512 883 3552 ,
940 3473 1018 3532 et
1054 3455 1418 3548 Ladislao,
1453 3452 1886 3530 castellanis
1928 3452 2143 3528 castri
2180 3451 2355 3533 Sza·

158 3566 378 3643 lancz
419 3571 703 3662 vocati,
759 3563 893 3667 qui
936 3590 1077 3666 pro
1134 3565 1445 3669 egregiis
1504 3557 1874 3655 Ladisla0,
1932 3559 2086 3635 filio
2121 3585 2360 3664 quon-

154 3674 335 3750 dam
372 3672 865 3778 Sigismundi,
919 3670 1210 3745 Joanne
1253 3689 1328 3747 et
1364 3668 1726 3763 Albert0,
1784 3665 1948 3768 filys
1979 3665 2359 3770 quondam

156 3782 509 3884 Dionysii
544 3778 1012 3856 deLosoncz
1032 3829 1060 3865 ,
1119 3776 1467 3853 Dominis
1510 3777 1849 3878 ipsorum
1875 3831 1898 3870 ,
1953 3775 2135 3847 item
2194 3773 2361 3847 Do·-

157 3890 378 3965 mino
420 3885 731 3964 officiale
761 3889 836 3960 in
874 3880 1050 3957 villa
1088 3882 1413 3983 Nadasso
1455 3881 1913 3973 constituto,
1968 3906 2111 3984 pro
2152 3905 2357 3983 egre-

160 3994 306 4096 giis
345 3995 636 4073 Joanue
674 4011 750 4071 et
793 3986 1119 4083 JacobO,
1196 3988 1360 4066 filiis
1422 3985 1800 4094 quondam
1847 3985 2153 4084 Jacobi,
2223 3984 2357 4065 filii

164 4101 355 4177 Bani
386 4100 482 4177 de
529 4099 785 4178 Olndo‘
817 4095 961 4197 (7),
1024 4096 1366 4174 Dominis
1399 4097 1590 4187 suis,
1620 4097 2133 4187 accessissent,
2191 4119 2361 4196 pre·

166 4209 787 4312 nominatumque
842 4205 1277 4284 Dominum
1314 4203 1800 4296 Damianum,
1896 4199 2361 4306 prepositum
2413 4280 2418 4288 Δ
