2926 4849
726 485 873 553 770

802 691 959 768 Nos
997 691 1218 795 igitur
1262 688 1689 767 humillimis
1742 704 1820 767 et
1855 687 2143 768 devotis
2189 685 2789 793 supplicationi-

609 798 747 873 bus
784 815 1303 873 annotatorum
1338 794 1695 902 Stephani
1730 797 2044 875 Kaneitz
2104 795 2437 900 Magistri
2483 793 2790 871 Cinium

603 923 679 980 et
700 901 768 977 N
774 903 990 979 icolai
1019 901 1340 978 Pachrad
1364 903 1564 981 Ciuis
1588 901 2096 1006 praetitulatae
2121 902 2450 977 Ciuitatis
2479 917 2789 976 nostrae

610 1009 1109 1102 posoniensis,
1166 1033 1302 1114 per
1336 1035 1468 1085 eos
1503 1012 1650 1085 suis
1688 1035 1777 1085 ac
1810 1006 2134 1086 aliorum
2175 1033 2505 1111 quorum
2560 1033 2786 1113 supra

608 1115 1030 1192 nominibus
1072 1172 1094 1210 ,
1203 1133 1278 1193 et
1365 1117 1441 1191 in
1525 1106 1858 1221 personis
1968 1114 2370 1192 subiective
2476 1133 2784 1190 nostrae

601 1222 961 1298 Maiesta‘ti
1022 1221 1326 1314 oblatis,
1383 1218 1802 1327 Imperiali,
1838 1216 2075 1324 'atque
2123 1222 2351 1323 Regia
2419 1218 2777 1326 benigni-

608 1346 754 1406 tate
787 1327 1189 1420 exauditis,
1266 1345 1340 1403 et
1404 1331 1811 1404 clementer
1862 1325 2228 1421 admissis,
2284 1345 2782 1428 praeattactas

597 1433 923 1510 Litteras
958 1432 1244 1511 nostras
1285 1434 1787 1536 Priuilegiales
1820 1460 1969 1509 non
2004 1432 2336 1529 abrasas,
2390 1439 2565 1510 non‘
2605 1461 2781 1511 oan-

600 1539 937 1633 cellatas,
994 1566 1134 1617 nec
1167 1539 1241 1614 in
1281 1542 1523 1643 aliqua
1559 1540 1669 1617 sui
1713 1555 1921 1643 parte
1956 1558 2370 1644 suspectas,
2426 1542 2604 1627 imo
2644 1568 2780 1617 me-

594 1675 723 1724 rae
781 1664 857 1724 et
917 1648 1248 1723 sincerae
1307 1649 1629 1723 veritatis
1701 1648 2118 1748 integritate
2185 1647 2784 1750 praepollentes,

596 1752 1114 1860 praesentibus
1180 1751 1277 1825 de
1337 1754 1572 1829 verbo
1626 1749 1720 1827 ad
1770 1751 2089 1828 verbum
2150 1750 2462 1828 insertas
2519 1753 2782 1854 quoad

595 1886 855 1936 omnes
899 1886 1154 1935 earum
1203 1858 1758 1951 ContinentiaS,
1816 1858 2228 1953 ClausulaS,
2281 1876 2359 1934 et
2392 1860 2783 1937 Articulos

595 1983 1098 2071 acceptamus,
1155 1964 1696 2068 approbamus,
1765 1979 1840 2041 et
1891 1964 2371 2057 ratificamus,
2427 1965 2774 2041 easdem-

595 2070 1252 2178 quenihilominus
1289 2071 1773 2149 consideratis
1821 2070 2333 2164 fidelitatibus,
2389 2069 2770 2148 fidelium·-

591 2207 740 2284 que
792 2177 1294 2254 Servitiorum
1346 2179 1671 2274 meritis,
1726 2180 2247 2283 acceptisque,
2321 2197 2399 2254 et
2452 2180 2777 2256 multum

587 2284 969 2362 laudandis
1005 2284 1606 2389 Complacentiis,
1662 2282 1941 2386 quibus
1976 2311 2116 2389 per
2150 2286 2548 2361 Genitor-es
2579 2288 2777 2391 ipso-

593 2421 787 2485 rum,
823 2417 1013 2496 quos
1052 2392 1194 2465 iam
1234 2391 1454 2496 longa
1474 2390 1732 2468 mundi
1773 2410 1967 2466 aetas
1991 2418 2128 2496 per
2166 2410 2488 2470 mortem
2520 2392 2776 2470 absor-

588 2502 777 2591 buit,
811 2501 887 2573 in
911 2518 1316 2601 conspectu
1342 2499 1661 2574 condam
1697 2497 2360 2574 serenissimorum
2401 2501 2771 2576 Divorum

592 2608 885 2707 Regum
945 2605 1364 2707 Hungariae
1425 2623 1847 2680 nostrorum
1896 2605 2177 2681 scilicet
2228 2606 2774 2683 praedecesso-

590 2737 754 2787 rum
781 2768 803 2806 ,
859 2727 934 2787 et
968 2711 1267 2784 tandem
1307 2707 1436 2785 filii
1478 2714 1963 2814 superstites,
2004 2728 2079 2785 et
2135 2711 2411 2789 Posteri
2451 2740 2773 2789 eorum-

593 2818 760 2894 dem
801 2833 976 2922 puta
1014 2814 1356 2891 moderni
1396 2815 1651 2911 Cives,
1709 2817 2092 2921 Hospites‚
2153 2833 2228 2891 et
2267 2820 2566 2900 Incolae
2627 2825 2774 2895 iam

593 2924 783 3000 fatae
830 2924 1156 2998 Ciuitatis
1193 2939 1493 3030 nostrae
1547 2924 2011 2999 posoniensis
2068 2926 2403 3027 ipsorum
2458 2955 2776 3004 suorum

589 3028 1254 3108 Praedecessorum
1317 3028 1724 3104 ‘laudabilia
1793 3033 2190 3134 sequentes
2255 3035 2564 3138 vestigia
2632 3036 2773 3112 sub

592 3154 1015 3242 temporum
1055 3136 1408 3214 &arietate
1434 3191 1454 3222 ,
1488 3153 1562 3212 et
1592 3137 2027 3240 praesertim
2072 3135 2364 3243 pridem
2394 3160 2775 3220 reverten-

595 3243 793 3321 tibus
850 3242 1066 3318 nobis
1106 3243 1200 3318 de
1235 3243 1525 3319 Exteris
1585 3242 1957 3330 Partibus,
2013 3261 2087 3319 et
2124 3246 2645 3347 Regionibus,
2700 3251 2769 3323 in

593 3350 869 3455 quibus
908 3375 1049 3452 pro
1105 3349 1575 3454 susceptione
1630 3348 2028 3427 sacrarum
2100 3350 2583 3430 Coronarum
2634 3382 2769 3431 no-

589 3476 910 3535 strarum
965 3456 1437 3561 Inperialium
1494 3483 1633 3561 per
1683 3482 1821 3532 nos
1869 3458 2016 3534 iam
2065 3453 2382 3535 feliciter
2457 3462 2765 3569 adepta-

593 3591 763 3642 rum
795 3562 1067 3639 diutius
1112 3561 1650 3656 laboravimus,
1704 3561 1797 3638 ad
1834 3560 1978 3642 hoc
2011 3566 2385 3671 peculiare
2415 3570 2767 3677 Regnum

594 3688 932 3749 nostrum
972 3667 1427 3774 Hungariae.
1476 3687 1552 3747 et
1591 3672 1933 3775 primitus
1970 3671 2060 3747 ad
2092 3672 2325 3777 ipsam
2362 3672 2764 3752 ciuitatem

589 3794 912 3852 nostram
951 3776 1470 3854 Posoniensem
1495 3776 2079 3883 applicantibus,
2114 3781 2288 3855 etin
2328 3780 2594 3858 eadem
2629 3807 2763 3886 pro

592 3883 1162 3987 recuperatione
1229 3899 1601 3960 certarum
1671 3884 2072 3963 Ciuitatum
2091 3943 2115 3978 ‚
2188 3885 2711 3965 'Munitionum
2736 3942 2758 3980 ,

588 3990 1062 4083 Castrorum,
1114 4005 1189 4065 et
1217 3988 1813 4087 Fortalitiorum,
1870 4003 2056 4097 quas
2090 3990 2389 4096 quidam
2427 3994 2758 4090 Bohemi,

566 4110 662 4170 —et
691 4095 1025 4187 Moraui,
1060 4113 1316 4173 eotum
1353 4098 1425 4171 in
1471 4096 1876 4204 reprobum
1922 4095 2243 4176 Sensum
2278 4097 2471 4192 dati,
2510 4121 2592 4180 et
2627 4102 2755 4177 Re·

583 4197 924 4279 liellionis
958 4199 1317 4282 calcaneo
1360 4202 1562 4282 ducti
1602 4205 1677 4283 in
1725 4223 1976 4285 nostra
2035 4205 2356 4301 absentia
2396 4206 2753 4289 hostiliter
