2926 4849
2204 535 2301 609 95

219 759 338 817 tus
372 741 564 815 lucri
623 742 974 816 Gamerae
1017 753 1312 815 nostrae
1357 737 1621 839 regalis
1670 763 1808 842 per
1854 738 2041 817 banc
2087 760 2415 819 nostram

223 846 780 951 dispositionem
845 843 1061 921 nobis
1130 843 1515 946 adaugeri,
1589 863 1665 923 et
1715 857 1757 921 'a
1823 846 2142 935 damnis,
2221 877 2433 953 quae¹

226 952 567 1029 hactenus
608 978 701 1029 ex
738 969 949 1058 parte
1005 951 1419 1027 dicatorum
1479 970 1555 1028 et
1593 972 2027 1048 exactorum
2076 957 2410 1034 eiusdem

221 1061 402 1135 lucri
449 1087 785 1135 camerae
830 1077 1124 1134 nostrae
1171 1062 1244 1132 in
1296 1059 1573 1133 eisdem
1610 1063 1880 1137 nostris
1910 1066 2445 1168 prouentibus·

218 1167 434 1243 nobis
473 1184 934 1259 euenerunt,
989 1192 1203 1271 posse
1242 1170 1709 1269 praecaueri,
1762 1172 2010 1244 animo
2052 1169 2410 1247 delibera·

213 1292 292 1346 to
326 1294 405 1349 et
443 1303 539 1350 ex
577 1289 778 1351 certa
832 1281 1123 1349 nostrae
1165 1273 1561 1349 Maiestatis
1588 1280 2000 1370 sententia,
2059 1277 2134 1351 id
2174 1278 2406 1353 duxi·-

209 1407 371 1455 mus
428 1379 1017 1484 disponendum,
1085 1379 1594 1481 statuendum,
1669 1397 1748 1456 et
1801 1380 2403 1479 decernendum,

208 1490 362 1562 imo
406 1488 909 1589 disponimus,
964 1485 1442 1576 ordinamus,
1499 1505 1567 1560 et
1625 1486 2129 1582 decernimus,
2187 1517 2451 1595 prae·-

205 1595 538 1668 sentium
564 1619 701 1698 per
724 1596 1085 1697 vigorem,
1119 1613 1197 1669 vt
1220 1621 1258 1666 a
1296 1589 1523 1671 modo
1565 1593 1636 1666 in
1674 1588 1915 1690 antea,
1950 1614 2023 1672 et
2045 1596 2401 1701 deinceps

208 1726 512 1805 semper
555 1700 1019 1805 temporibus
1070 1701 1499 1775 successiuis
1551 1702 1946 1796 vniuersi83
2003 1702 2227 1778 homo
2249 1705 2427 1780 Do-'

206 1809 384 1882 mini
426 1807 993 1914 Archiepiscopi
1026 1805 1593 1909 strigoniensis,
1653 1834 1792 1913 pro
1834 1827 2181 1912 'tempore
2211 1835 2397 1887 con·

207 1915 544 2004 stitutus,
615 1940 701 1988 ac
756 1941 893 2017 per
947 1915 1187 2018 ipsum
1259 1914 1661 1987 Dominum
1718 1914 2398 2021 Arcbiepiscopum

206 2019 294 2095 ad
328 2020 476 2098 boc
523 2018 1018 2125 deputandus,
1077 2021 1299 2095 tertio
1337 2046 1416 2094 se
1451 2022 1791 2123 personis
1826 2047 1910 2096 ac
1943 2046 2116 2098 cum
2158 2021 2396 2102 tribus

208 2130 461 2231 equis,
497 2132 776 2232 pariter
812 2152 984 2202 cum
1026 2117 1481 2218 comitibus,
1546 2125 2195 2234 dicatoribusque,
2260 2156 2396 2207 seu

214 2236 685 2310 exactoribus
725 2234 908 2308 dicti
946 2232 1499 2309 iucriCamerae
1537 2251 1857 2326 nostrae,
1910 2236 2140 2324 modo
2178 2234 2397 2314 simili

135 2389 138 2396 =
257 2363 342 2417 ro
404 2358 743 2446 tempore
799 2341 1255 2433 constitutis,
1324 2343 1399 2415 in
1456 2339 1828 2417 dicatione
1872 2344 2394 2439 et'exactione

203 2366 627 2525 {uiusmodi
677 2464 1178 2553 prouentuum
1214 2446 1405 2524 lucri
1451 2473 1789 2525 camerae
1825 2466 2157 2545 nostrae,
2211 2450 2393 2527 vbi-'-

199 2582 350 2661 que
386 2572 464 2632 et
514 2557 590 2631 in
644 2553 1029 2658 quibusuis
1086 2554 1378 2632 culteiis
1452 2557 1863 2633 exactionis
1909 2558 2142 2661 ipsius
2196 2556 2391 2637 lucri

198 2687 539 2738 camerae
601 2679 937 2756 nostrae,
1007 2660 1465 2769 procedere,
1536 2689 2084 2766 numerumque
2137 2682 2390 2769 porta·

197 2797 363 2845 rum
401 2768 921 2860 dicandorum,
972 2794 1102 2847 seu
1144 2768 1597 2861 dicatarum,
1651 2771 2032 2871 recipere,
2084 2787 2381 2848 tenere·-

199 2902 345 2980 que
381 2895 460 2952 et
509 2873 784 2952 habere
824 2872 1134 2970 debeat,
1188 2894 1412 2978 atque
1457 2878 1734 2980 possit,
1789 2877 2079 2981 ipsique
2116 2876 2380 2955 Comi-

203 2998 353 3074 tes,
413 2984 939 3085 dicatoresque
981 3007 1111 3060 seu
1143 3001 1525 3059 exactores
1572 2982 1735 3058 talis
1770 2982 1968 3059 modi
2018 2983 2209 3060 lucri
2252 3011 2385 3062 ca-

207 3115 444 3166 merae
482 3108 823 3175 nostrae,
880 3117 1022 3193 pro
1059 3091 1374 3195 proprio
1408 3092 1745 3193 ipsorum
1783 3104 1861 3165 et
1898 3088 2216 3168 familiae
2256 3119 2384 3169 co-
2440 3180 2441 3185 ἵ

203 3223 409 3289 rum,
455 3202 610 3274 imo
653 3199 875 3273 etiam
924 3193 1106 3270 dicti
1151 3196 1476 3271 hominis
1512 3193 2220 3299 Arcbiepiscopaiis,
2277 3198 2383 3274 fa·

194 3304 592 3409 miliaeque
648 3323 723 3380 et
769 3328 1137 3406 equorum
1187 3330 1495 3380 suorum
1534 3305 1782 3394 victu',
1838 3329 2199 3406 expensas
2237 3331 2378 3380 ne-

196 3414 541 3486 cessarias
581 3411 676 3486 de
712 3410 923 3486 dictis
949 3410 1435 3512 prouentibus
1461 3412 1649 3486 lucri
1686 3435 2020 3485 camerae
2063 3427 2381 3511 nostrae,

194 3543 589 3618 quousque
630 3521 697 3590 in
754 3520 1122 3593 dicatione
1167 3537 1244 3593 et
1285 3517 1671 3593 exactione
1730 3512 2058 3592 eiusdem
2114 3542 2377 3620 proce-

193 3624 412 3717 dent,
469 3625 756 3716 ἥιρει-ε,
812 3628 1206 3727 statimque
1246 3642 1320 3699 et
1358 3626 1428 3698 in
1483 3624 1889 3713 continenti
1939 3628 2213 3698 exactis
2257 3652 2377 3729 pe·

191 3734 421 3804 cuniis
463 3732 695 3831 ipsius
745 3733 932 3808 lucri
983 3758 1320 3809 camerae
1361 3746 1702 3818 nostrae,
1762 3731 2178 3831 praemissis
2230 3734 2374 3805 ex'-

189 3839 468 3939 pensiS,
544 3836 771 3915 modo
833 3864 990 3938 quo
1046 3854 1268 3943 supra
1336 3838 1832 3912 communiter
1886 3835 2140 3932 fectis,
2210 3856 2379 3913 ante

191 3948 427 4018 omnia
475 3961 551 4019 et
585 3944 1061 4047 simpliciter,
1117 3945 1445 4049 exeeptis
1480 3961 1553 4019 et
1588 3939 1999 4037 defalcatis,
2057 3943 2382 4019 decimas

193 4050 838 4153 archiepiscopales
894 4077 986 4125 ex
1032 4048 1454 4125 huiusmodi
1515 4050 1843 4153 pecuniis
1891 4049 2077 4133 lucri
2135 4075 2376 4127 came·-

190 4183 306 4231 rae
332 4176 627 4233 nostrae
672 4159 1072 4257 prouenit-e
1114 4157 1515 4245 debentes,
1566 4159 1642 4231 in
1681 4158 1986 4258 singulis
2038 4155 2373 4249 cultellis,

189 4284 309 4339 seu
349 4264 856 4360 comitatibus,
911 4266 1386 4342 exactionum
1418 4259 1769 4371 saepefati
1809 4265 1994 4341 lucri
2031 4290 2365 4339 camerae
