2926 4849
2237 440 2388 538 51⁸9

301 647 554 726 bensis
574 702 604 754 ξ
660 674 747 725 ac
790 663 1035 724 terrae
1067 643 1753 749 Zentbkiralyfdlde
1787 665 2132 738 vocatae,
2190 644 2488 750 praefa-

300 759 356 832 ti
395 758 697 832 Domini
734 756 1001 832 Prioris
1034 774 1109 831 et
1142 757 1576 831 conuentus
1614 749 2184 830 Cruciferorum
2215 750 2309 826 de
2358 753 2488 828 Al·

292 858 433 957 ba,
504 880 934 940 conuocatis
995 864 1517 938 commetaneis
1570 877 1644 935 et
1702 862 1999 954 vicinis,
2071 862 2488 965 praesenti-

289 969 587 1073 busque
617 968 1011 1076 praedictis
1049 958 1167 1043 vel
1201 995 1463 1045 eorum
1502 965 1844 1069 legitimis
1873 967 2487 1071 procuratoribus

289 1077 807 1178 praesentibus
839 1072 1266 1152 accedendo
1291 1131 1314 1170 ,
1369 1077 1619 1179 primo
1658 1073 1950 1149 easdem
1986 1071 2484 1178 possessiones

290 1181 744 1285 capitulares
774 1180 917 1258 Sar
952 1179 1314 1275 Szabadi‚
1371 1196 1448 1257 et
1491 1182 1776 1283 Ingvan
1820 1198 2154 1274 vocatas,
2205 1201 2516 1266 seeun-‚

286 1284 468 1366 dum
505 1286 1221 1366 demonstrationem
1261 1289 1486 1394 ipsius
1521 1287 1878 1390 Capituli,
1917 1315 1964 1361 a
1996 1304 2206 1391 parte
2233 1284 2478 1363 dictae

286 1411 536 1471 terrae
567 1423 698 1474 seu
742 1393 1227 1500 possessionis
1282 1392 1912 1470 Zenthkiralfelde
1975 1409 2279 1469 vocatae
2338 1419 2504 1497 pet-⁴

281 1519 514 1578 metas
562 1519 638 1578 et
696 1527 954 1578 cursus
1014 1499 1318 1579 metales
1399 1535 2207 1560 —————
2258 1499 2479 1578 clau-

280 1632 408 1682 sae
456 1633 552 1684 ex
592 1609 819 1685 literis
854 1608 1234 1710 quondam
1271 1607 1490 1714 Belae
1529 1607 1763 1711 Regis
1802 1623 2157 1710 exceptae
2180 1657 2203 1695 ‚
2258 1623 2340 1683 et
2391 1611 2471 1706 in

276 1712 528 1792 literas
567 1714 943 1818 quondam
992 1713 1312 1792 Emerici
1370 1712 1679 1790 Palatini
1737 1710 2189 1790 verbotenus
2242 1712 2472 1790 inser-

279 1837 446 1916 tae,
500 1822 963 1898 reambulare
993 1839 1071 1896 et
1099 1821 1382 1922 vbique
1417 1822 1639 1924 signis
1669 1817 2060 1918 metalibus
2096 1821 2505 1921 consigna-.

276 1951 417 2022 re,
472 1926 773 2005 demum
809 1944 1059 2004 autem
1115 1943 1542 2003 annotatam
1590 1928 2125 2030 possessionem
2173 1925 2484 2002 Zenth-'

274 2032 666 2110 kiralfelde
704 2035 907 2112 iuxta
947 2034 1446 2110 ostensionem
1495 2029 1726 2137 ipsius
1778 2035 2052 2108 Prioris
2113 2049 2191 2109 et
2248 2031 2468 2110 Con·

272 2153 582 2236 uentus,
638 2140 756 2216 vel
809 2139 1110 2244 legitimi
1163 2142 1673 2246 procuratoris
1736 2138 2176 2216 eorumdem
2235 2135 2465 2213 modo

267 2247 490 2324 simili
526 2246 968 2338 reambulari
995 2303 1016 2341 ‚
1072 2265 1147 2323 et
1175 2245 1452 2349 vbique
1487 2246 1973 2350 consignare,
2031 2265 2108 2322 et
2157 2249 2215 2321 si
2257 2248 2464 2348 ipsae

263 2372 517 2459 partes
559 2357 632 2430 in
670 2350 1085 2432 huiusmodi
1117 2381 1370 2430 earum
1402 2354 1994 2460 possessionariis
2032 2352 2462 2431 reambula-

264 2460 596 2537 tionibus
639 2479 715 2538 et
765 2479 1129 2537 metarum
1174 2461 1642 2564 cursionibus
1697 2462 2107 2539 concordes
2149 2460 2455 2551 fierent,

263 2584 350 2642 et
385 2567 521 2642 sibi
557 2568 883 2644 inuicem
925 2596 1073 2645 non
1115 2566 1759 2663 contradicerent,
1815 2584 1991 2643 tunc
2051 2569 2213 2644 iura
2270 2595 2454 2673 par-

262 2674 454 2750 tium
485 2672 957 2751 euidentibus
995 2678 1207 2750 metis
1244 2704 1283 2749 a
1314 2702 1472 2751 sese
1512 2674 1851 2752 distincta
1884 2673 2164 2751 eisdem
2214 2674 2453 2779 parti-
2548 2769 2560 2778 ὑ

253 2777 402 2855 bus
436 2782 514 2856 in
553 2799 1003 2886 perpetuum
1064 2779 1538 2886 possidendas
1600 2780 2076 2884 relinquere,
2149 2786 2449 2862 sivero

253 2889 463 2989 ipsae
503 2906 747 2992 partes
786 2891 881 2961 inq
906 2886 1492 2964 demonstrandis
1545 2884 1756 2964 dictis
1810 2896 2017 2966 metis
2070 2890 2447 2966 discordes
2519 2976 2524 2983 .

251 2993 559 3097 fierent,
597 3012 770 3072 tunc
807 3013 1045 3070 terrae
1087 2993 1525 3099 particulam
1560 2996 1757 3069 inter
1792 2999 2102 3097 partium
2142 2997 2443 3073 demon-

245 3102 641 3175 strationes
680 3102 756 3173 in
797 3102 925 3178 lite
955 3119 1459 3177 remanentem
1485 3153 1510 3193 7
1567 3124 1741 3175 cum
1782 3102 2240 3202 quibuslibet
2290 3108 2446 3176 vti-⁴

244 3190 655 3283 ntatatibus
686 3223 763 3282 et
797 3207 1023 3312 regali
1058 3234 1399 3282 mensura
1428 3206 1927 3282 mensurando
1948 3240 1979 3300 ‚·
2006 3209 2127 3284 vel
2152 3211 2436 3283 simen-

240 3314 483 3388 surari
525 3341 674 3387 non
718 3334 1014 3417 posset,
1047 3316 1207 3390 visu
1249 3311 1790 3391 considerando
1820 3369 1840 3406 ,
1878 3338 2021 3389 vna
2065 3343 2236 3392 cum
2277 3316 2437 3390 aliis

238 3417 506 3522 probis
542 3422 758 3514 viriS,
821 3424 1056 3497 Deum
1112 3421 1423 3496 ferendo
1481 3448 1656 3524 prae
1704 3421 1974 3516 oculis,
2032 3426 2106 3496 in
2167 3424 2436 3497 condi-

235 3549 395 3626 gno
425 3528 581 3601 eius
621 3530 859 3626 pretio
891 3547 967 3607 et
1002 3531 1289 3619 valore,
1348 3530 1509 3630 lege
1544 3531 1752 3629 regni
1789 3532 2259 3628 requirente,
2307 3555 2423 3602 ae-

232 3632 587 3722 stimare,
645 3631 920 3709 ibidem
979 3640 1199 3711 etiam
1234 3634 1376 3719 ·i‹f,
1453 3637 1660 3739 quod
1727 3639 2053 3738 ipsarum
2108 3631 2446 3740 partious
2541 3658 2552 3661 ’

232 3737 472 3843 dictas
504 3757 735 3814 metas
774 3743 1018 3817 verius
1060 3761 1134 3818 et
1166 3746 1441 3818 rectius
1495 3776 1744 3799 --
1791 3782 1900 3797 —
1954 3758 2032 3816 et
2074 3766 2267 3840 qua-e
2307 3769 2426 3815 ea-

229 3845 580 3922 rumdem
620 3846 695 3921 in
732 3845 1070 3924 dominio
1103 3847 1340 3924 dictae
1384 3868 1625 3925 terrae
1669 3849 1746 3919 in
1788 3865 1946 3921 toto
1995 3852 2110 3922 vel
2149 3849 2225 3921 in
2268 3875 2428 3949 par-

226 3969 310 4028 te
346 3955 739 4048 existeret,
768 3948 1195 4056 rdiligenter
1236 3973 1311 4030 et
1344 3955 1423 4031 in
1454 3954 2011 4030 conscienciose
2047 3954 2434 4047 renidere,

227 4056 861 4166 nihilominusque
937 4062 1032 4135 ab
1084 4061 1340 4137 iisdem
1394 4062 1656 4136 vicinis
1711 4077 1791 4133 et
1855 4060 2428 4152 commetaneis,

235 4162 776 4269 nobilibusque
812 4167 1566 4275 comprouincialibus
1601 4190 1742 4272 per
1780 4184 2032 4270 partes
2058 4166 2209 4241 illic
2246 4193 2423 4240 con-
