2926 4849
652 469 826 570 *⁷2⁰

565 706 763 786 quae
800 678 1004 753 iuxta
1043 674 1261 756 buius
1305 681 1519 784 regni
1563 680 1805 757 nostri
1851 679 2279 780 Hungariae
2333 695 2768 754 consuetu-

561 788 811 864 dinem
853 769 1017 860 fieri
1047 803 1602 868 consueuerunt
1636 785 1908 864 facien
1960 785 2165 876 datas
2214 805 2290 863 et
2325 811 2767 880 concessas,

560 915 649 978 et
667 897 873 970 iuxta
911 918 1181 972 earum
1224 894 1716 992 continentias
1773 921 1914 972 vna
1978 917 2153 970 cum
2216 892 2613 997 Stephano
2673 891 2766 965 de

559 992 794 1080 Daras
816 1057 839 1095 ,
866 975 1181 1092 bomine
1216 1017 1470 1080 vestro
1503 999 1710 1103 regio
1743 1003 1818 1076 in
1845 1001 2029 1104 ipsis
2068 1002 2296 1077 literis
2320 1002 2594 1077 vestris
2635 1027 2763 1072 an-

560 1108 910 1185 nualibus
980 1106 1441 1184 nominatim
1483 1107 1980 1209 conscripto,
2051 1107 2385 1182 Fratrem
2444 1108 2767 1181 Paulum

561 1216 799 1298 nostri
845 1205 1123 1338 ordinis
1171 1214 1663 1290 presbiterum
1720 1240 1949 1288 vnum
1988 1238 2083 1288 ex
2124 1214 2344 1290 nobis
2379 1215 2474 1290 ad
2508 1212 2764 1289 infra-

565 1321 909 1432 scriptam
941 1315 1496 1423 inquisitionem
1520 1347 1654 1396 suo
1678 1317 1903 1397 modo
1931 1319 2454 1425 perficiendam
2494 1338 2770 1397 nostro

570 1454 708 1535 pto
754 1428 1182 1534 testimonio
1222 1427 1566 1504 duximus
1604 1425 2122 1524 destinandos,
2175 1427 2493 1506 tandem
2545 1427 2766 1502 exin-

565 1537 663 1613 de
683 1534 787 1620 ad
828 1562 960 1626 nos
985 1536 1266 1610 1==eue2si
1274 1519 1506 1616 nobis
1532 1534 2012 1614 vniformiter
2036 1536 2488 1612 retulerunt:
2530 1532 2769 1623 Quod

571 1646 707 1749 ipsi
732 1643 808 1718 in
843 1641 1035 1718 festo
1067 1641 1267 1716 Beati
1300 1644 1606 1718 Joannis
1644 1621 2156 1745 Euangelistae
2178 1645 2521 1746 proxime
2542 1668 2766 1744 prae-

573 1750 838 1842 terito,
896 1750 975 1823 in
1015 1733 1385 1824 Comitatu
1420 1749 1782 1834 Hontensi
1826 1753 2105 1852 pariter
2157 1747 2662 1853 procedendo
2727 1777 2767 1822 a

446 1917 461 1920 -
568 1853 979 1958 Nobilibus
1002 1882 1087 1929 ac
1122 1853 1573 1962 ignobilibus
1611 1856 1788 1931 dicti
1843 1856 2255 1934 Comitatus
2303 1827 2769 1950 hominissus,

538 1994 613 2039 .a
634 1965 941 2069 quibus
960 1961 1228 2038 decens
1265 1978 1343 2036 et
1383 1973 1892 2066 opportunum
1938 1963 2194 2041 fuisset
2232 1962 2488 2068 palam
2512 1981 2590 2040 et
2631 1989 2766 2038 oc·

542 2072 775 2147 ‘culte
798 2069 1210 2172 diligenter
1248 2068 1341 2144 de
1381 2049 1924 2173 infrascriptis
1904 2071 2280 2172 inquiren.
2339 2069 2563 2146 talem
2625 2069 2766 2145 sci·

510 2245 513 2250 .
575 2204 661 2254 re
696 2177 1108 2284 potuissent
1152 2179 1571 2262 veritatem.
1631 2176 1854 2265 Quod
1903 2178 2254 2253 Nicolaus
2291 2196 2371 2253 et
2414 2178 2770 2252 Valenti-

577 2311 767 2378 nus,
822 2282 949 2386 flly
990 2283 1305 2377 ΚεὸΙιίε,
1381 2310 1470 2359 ac
1519 2285 1927 2386 Gregorius
1982 2285 2262 2361 Vessen
2322 2281 2610 2371 dictus,
2673 2283 2768 2360 de

578 2387 977 2493 Kiralyfia‚
1035 2391 1498 2497 temporibus
1534 2419 1687 2468 nou
1730 2389 1857 2466 diu
1901 2393 2320 2495 praeteritis
2361 2391 2771 2517 quamdam

581 2501 779 2574 viam
805 2500 1182 2598 antiquam
1229 2499 1427 2573 inter
1486 2498 1948 2602 praedictum
2018 2497 2375 2599 Kinalyfia
2428 2504 2769 2603 ipsorum

478 2666 483 2671 .
579 2605 907 2688 Nicolai,
964 2603 1384 2698 Valentini,
1439 2624 1514 2680 et
1554 2607 1902 2708 Gregory
1942 2606 2035 2681 de
2076 2605 2318 2711 Egegb
2384 2607 2767 2709 praefato-

581 2740 745 2789 rum
793 2711 1200 2816 Praepositi
1231 2729 1306 2786 et
1358 2709 1785 2788 Conuentus
1827 2712 1922 2787 de
1972 2711 2212 2815 Saagh
2265 2718 2770 2817 possessiones

492 2918 493 2921 Ἴ
582 2848 625 2894 a
667 2818 964 2893 diutinis
1015 2837 1089 2893 et
1140 2819 1460 2922 antiquis
1515 2818 1974 2924 temporibus
2034 2838 2264 2895 metas
2323 2822 2766 2926 distinguen-

562 2926 863 3021 'desttui
900 2942 976 2999 et
1005 2922 1327 3016 aboleri,
1386 2952 1472 3001 ac
1524 2952 1659 3025 per
1717 2946 1958 3001 terras·
2013 2927 2326 3003 arabiles
2390 2929 2772 3028 praefatae

587 3035 1066 3160 possessionis
1098 3029 1384 3136 Saagh,
1437 3032 1655 3108 aliam
1697 3035 1890 3108 viam
1934 3033 2320 3125 fecissent,
2379 3034 2477 3111 de
2517 3056 2766 3126 nouo,

586 3141 787 3217 inter
825 3165 1010 3242 quas
1058 3141 1210 3213 vias
1253 3156 1527 3215 terram
1574 3138 1928 3216 arabilem
1975 3142 2307 3246 ipsorum
2358 3142 2768 3247 Praepositi

587 3263 662 3323 et
699 3250 1124 3327 conuentus
1165 3243 1295 3320 ad
1273 3272 1505 3350 ipsam
1542 3247 2080 3349 possessionem
2113 3244 2414 3350 Egegb
2392 3275 2564 3325 iure
2608 3275 2766 3352 pm·-

588 3355 951 3430 tinentem
1006 3378 1147 3456 pro
1179 3378 1257 3425 se
1308 3372 1744 3465 occupasse,
1811 3356 2228 3431 niterentur
2270 3374 2345 3432 et
2384 3355 2481 3430 ad
2532 3359 2766 3460 ipsam

590 3458 953 3562 Kiralyfia
996 3474 1440 3553 annectere,
1494 3479 1568 3536 et
1612 3466 2098 3565 appropriare
2131 3461 2765 3552 machinarentur3

586 3568 1477 3670 Johbagyonesipsorum
1507 3568 1919 3672 Praepositi
1953 3588 2030 3646 et
2064 3570 2566 3647 Conuentus
2541 3598 2622 3645 ιιι
2666 3566 2771 3641 di-

589 3692 708 3752 cta
740 3676 1219 3780 possessione
1237 3671 1483 3776 Egegh
1522 3673 1967 3772 residentes3
2021 3673 2119 3751 de
2173 3678 2511 3753 aratione
2548 3679 2768 3795 ipsius

590 3799 832 3889 terrae
861 3781 1150 3885 saepius
1191 3783 1654 3884 repulissent,
1670 3800 1746 3858 et
1772 3780 2225 3886 repellerent
2246 3782 2340 3857 de
2377 3785 2767 3886 praesenti,

590 3892 765 4014 ipsis
802 3890 1087 3971 animos
1130 3889 1644 3990 imponentes3
1695 3906 1776 3964 et
1812 3890 2018 3993 quod
2068 3890 2443 3995 praefatus
2482 3894 2768 3997 Grego-

554 4082 557 4085 ,
590 4000 743 4072 rius
783 3997 1105 4073 Wessen
1143 3994 1542 4118 quemdam
1578 3995 2099 4100 Jobagyonem
2156 3998 2490 4101 ipsorum
2559 3996 2772 4071 Prae-

590 4104 818 4227 positi
854 4119 936 4179 et
974 4105 1419 4178 Conuentns
1462 4104 1540 4175 in
1594 4100 1792 4178 dicta
1844 4102 2146 4209 Egegh,
2226 4123 2768 4181 commorantes

592 4212 668 4285 in
727 4209 1057 4312 quodam
1106 4206 1381 4287 rubeto
1439 4212 1635 4286 inter
1695 4225 1928 4286 metas
1989 4210 2230 4288 dictae
2295 4212 2768 4315 possessionis
