2926 4849
2151 457 2296 525 715

215 665 498 742 minem
523 718 546 758 ‚
639 660 984 739 videlicet
1037 659 1371 736 Fratrem
1432 663 1796 736 Joannem
1878 623 2406 764 Sacerdotem,
2489 725 2492 732 ,

223 797 454 845 vnum
488 794 585 844 ex
622 766 879 862 nobis,
932 768 1277 862 Fratrem
1332 770 1952 863 conuentualem‚
2025 769 2118 842 ad
2171 768 2397 886 infla·-

212 880 564 982 scriptam
604 877 1163 977 inquisitionem
1200 872 1656 970 faciendam,
1712 881 1981 953 nostro
2017 903 2156 978 pro
2191 849 2410 952 testi-

213 987 480 1062 monio
539 982 684 1058 fide
741 980 1050 1084 dignum
1108 980 1453 1062 duximus
1503 981 2171 1071 transmittendum.
2258 984 2408 1080 Qui

215 1091 537 1176 tandem
551 1088 820 1166 exinde
865 1088 958 1162 ad
999 1114 1142 1165 nos
1176 1092 1463 1166 reuersi
1505 1089 1719 1164 nobis
1767 1089 2239 1202 vniformiter
2276 1116 2408 1166 re-

207 1196 584 1288 tulerunt,
678 1194 890 1319 quod
937 1196 1313 1300 praefatus
1369 1194 1601 1275 homo
1651 1212 1935 1292 vester,
2011 1185 2407 1302 praesente

212 1306 417 1382 dicto
462 1322 680 1382 nosto
716 1303 1182 1397 testimonio,
1239 1298 1443 1379 feria
1466 1322 1676 1380 sexta
1681 1306 2058 1426 ‘proxima
2103 1322 2271 1428 post
2307 1304 2410 1381 se-

193 1431 405 1489 -stum
455 1411 1042 1488 circumcisionis
1111 1360 1417 1486 Domini
1483 1408 1823 1516 proxime
1880 1416 2406 1517 praeteritum,

211 1519 295 1598 in
340 1521 715 1595 Comitatu
752 1516 1247 1622 Soproniensi
1314 1516 1848 1622 procedendO,
1903 1518 1998 1593 ab
2059 1518 2409 1595 omnibus

214 1624 495 1731 quibus
530 1626 893 1704 decuisset
922 1625 1295 1722 licuisset,
1330 1624 1748 1705 Nobilibus
1780 1625 2064 1702 scilicet
2094 1644 2171 1701 et
2200 1625 2407 1730 i'gno·

209 1734 528 1821 bilibuS,
581 1758 668 1809 ac
710 1732 1015 1809 alterius
1054 1735 1373 1814 cuiusuis
1411 1751 1646 1809 status
1682 1749 1758 1807 et
1794 1731 2258 1814 conditionis
2281 1732 2404 1808 di-

211 1844 318 1920 cti
348 1842 758 1918 Comitatus
794 1837 1219 1920 hominibus
1252 1842 1498 1947 palam
1551 1857 1626 1916 et
1683 1839 2018 1936 occulte,
2074 1839 2400 1945 diligen-v

215 1968 333 2026 ter
371 1947 868 2058 inquirendO,
925 1948 1169 2030 talem
1191 1945 1287 2034 de
1323 1944 1815 2072 infrascriptis
1846 1947 2237 2022 sciuissent
2282 1974 2407 2020 ve·

220 2056 558 2134 titatem:
618 2054 859 2144 Quod
888 2053 1197 2149 Petrus,
1252 2053 1444 2129 filius
1479 2055 1788 2158 Georgy
1825 2052 2044 2138 dicti,
2091 2054 2265 2131 Kun
2312 2052 2406 2127 de

221 2163 550 2257 Chorna,
573 2190 713 2240 nec
737 2190 887 2238 non
908 2160 1285 2239 Ladislaus
1325 2179 1402 2236 et
1418 2158 1870 2268 Stephanus,
1890 2159 1962 2235 fl!
1966 2188 2020 2263 y
2053 2160 2410 2250 eiusdem,

222 2267 578 2377 quasdam
642 2269 1037 2371 particulas
1084 2285 1463 2345 terrarum
1516 2267 1957 2356 arabilium,
2028 2267 2409 2391 pptiorum

223 2396 317 2456 et
334 2377 778 2456 fet-tiliorum
800 2373 894 2450 ad
928 2378 1358 2480 portionem
1390 2378 2048 2490 possessionariam
2079 2375 2411 2481 ipsorum

229 2485 636 2586 Praepositi
670 2504 745 2563 et
781 2484 1255 2577 Conuentus,
1310 2484 1735 2564 Janosfalva
1772 2503 2112 2576 vocatae,
2169 2484 2244 2583 in
2286 2477 2410 2555 di·-

158 2644 161 2649 ‚
224 2613 350 2669 cta
384 2588 682 2671 Chorna
725 2591 1093 2684 habitam,
1150 2586 1363 2695 ipsos
1399 2591 1614 2669 titulo
1681 2582 2166 2670 concambiali
2224 2615 2414 2663 con·-
2533 2624 2542 2629 ·

226 2718 701 2791 cernentem,
760 2716 838 2777 et
872 2713 1374 2799 spectantem,
1425 2704 1502 2776 in
1544 2727 1791 2795 anno,
1846 2703 2055 2783 cuius
2089 2681 2428 2777 necdum‘

223 2807 728 2914 praeteriisset
766 2804 1149 2894 reuolutio
1186 2806 1556 2902 annualis,
1611 2820 1760 2912 pro
1809 2833 1886 2880 se
1928 2831 2290 2909 occupan.
2326 2825 2413 2883 ac

226 2942 402 2990 cum
459 2915 772 3025 proprio
812 2914 1152 3032 ipsorum
1200 2934 1448 2992 aratro
1499 2916 1881 3016 perarari,
1937 2930 2012 2985 et
2069 2910 2417 2987 seminari

226 3022 581 3099 fecissent
620 3019 953 3125 potentia
990 3015 1326 3121 ipsorum
1361 3020 1779 3114 mediante,
1835 3020 1912 3093 in
1955 3013 2417 3091 Praeiudici-

230 3157 359 3207 um
392 3130 758 3205 dictorum
793 3123 1205 3228 Praepositi
1245 3141 1321 3200 et
1343 3133 1776 3206 Conuentus
1812 3125 2024 3202 valde
2023 3134 2417 3239 magnum.

238 3239 511 3312 Datum
581 3251 791 3311 sexto
853 3224 976 3309 die
1041 3232 1536 3335 inquisitionis
1599 3250 2095 3358 praenotatae.
2197 3233 2419 3304 Anno

236 3343 545 3420 Domini
577 3341 974 3525 {illesimo
1012 3336 1751 3448 quadringentesimo
1791 3343 2171 3447 trigesimo
2205 3341 2421 3441 quin·

237 3470 375 3531 ιο.
348 3458 403 3492 “
462 3451 540 3527 L

325 3587 408 3643 Ex
449 3579 702 3643 archiuo
745 3576 1063 3644 camerali.

228 3901 563 3973 Capitulum
591 3898 861 3971 Agr-ieme
894 3897 1286 3961 donationalu
1343 3901 1502 3971 regis
1555 3896 1916 3972 &gurmundi
1960 3915 2125 3968 supet
2178 3894 2427 3959 Somlos

427 3998 589 4046 Petro
623 3992 688 4043 de
733 3993 1007 4060 Rozgon,
1069 3988 1341 4062 Episcopo
1380 3988 1615 4063 Agrion.
1669 4008 1824 4043 anno
1867 3987 2023 4044 14³0.
2082 4003 2390 4042 concessae
2410 4021 2432 4080 ².

375 4146 379 4151 ,
426 4081 785 4137 transcribit.
827 4078 893 4134 A.
932 4077 1100 4134 ·.1435

426 4195 578 4269 Nos
658 4190 1081 4295 Capitulum
1157 4186 1523 4277 Ecclesiae
1569 4191 1957 4301 Agriensis
2025 4189 2436 4295 memoriae
