2926 4849
1967 460 2117 537 865

88 672 143 741 in
182 670 549 745 nonnullis
587 668 849 745 nostris
878 692 965 743 ac
997 669 1477 770 regni-nostri
1513 668 1938 773 Hungariae
1981 672 2230 750 arduis

88 773 390 876 agendis,
429 803 514 852 ac
554 773 808 850 validis
829 773 1425 878 expeditionibus
1448 792 1599 869 tam
1632 779 1976 872 aduersis,
2005 770 2239 881 quam'

88 884 289 955 etiam
335 882 751 987 prosperis,
805 908 976 957 cum
1019 906 1403 984 supremae
1461 882 1826 959 fidelitatis
1878 904 2231 961 constan-

88 990 165 1061 :ia
203 985 803 1067 etfsollicitudine
842 987 1242 1081 indefessa,
1296 987 1476 1062 locis
1510 989 1779 1066 debiti's
1818 1000 1894 1066 et
1928 1008 2231 1095 tempo-

88 1093 269 1167 ribus
314 1097 793 1199 opportuniS,
845 1093 1062 1169 nobis
1105 1112 1178 1169 et
1229 1118 1438 1169 sacre
1508 1096 1687 1171 dicti
1740 1100 1950 1201 regni
1998 1101 2231 1175 nostri

88 1199 488 1302 Hungariae
527 1202 868 1276 Coronae
912 1228 952 1274 a
988 1198 1409 1303 ‘iuuentutis
1441 1228 1569 1275 sue
1611 1203 1959 1306 gradibus
1996 1230 2232 1308 vsque

88 1305 156 1379 nd
197 1294 373 1381 haec
428 1325 765 1408 tempora
797 1307 1411 1411 impraetermisse
1457 1307 1803 1385 exhibitis
1838 1325 1915 1385 et
1951 1312 2234 1413 impen-

88 1414 202 1505 εἰς,
256 1436 446 1516 quae
487 1415 734 1492 omnia
775 1441 902 1488 sua
923 1413 1239 1489 ,seruitia
1276 1411 1446 1512 styli
1483 1416 1749 1507 officio,
1804 1435 1878 1492 et
1915 1417 2234 1520 scriptu-

88 1545 318 1622 ?arum
350 1519 829 1599 denotatione
872 1522 1216 1595 non-sine
1260 1518 1600 1615 toedioso
1643 1518 1898 1598 labore
1926 1520 2235 1625 singilla-

88 1630 193 1701 jm
235 1624 897 1731 possenttexarari3
939 1626 1185 1727 aliqua
1221 1643 1468 1701 tamen
1509 1628 1733 1730 ipsius
1770 1630 1968 1702 Pauli
2011 1630 2240 1730 Magi·

88 1731 192 1805 ·.tri
229 1734 663 1832 Agazonum
707 1750 1130 1808 nostrorum
1161 1730 1401 1806 fidelia
1428 1729 1831 1837 obsequia,
1890 1760 2025 1838 per
2062 1762 2239 1811 eum

87 1839 428 1915 maiestati
477 1858 771 1915 nostrae
823 1836 1191 1931 exhibita,
1269 1836 1405 1939 hys
1463 1841 1865 1943 scripturis„
1911 1844 2241 1917 inserere

88 1945 436 2040 volentes,
498 1965 579 2023 vt.
611 1943 880 2022 eadem'
914 1969 1054 2019 nec
1091 1961 1406 2021 vetustas
1447 1949 1697 2022 aetatis
1749 1945 2052 2023 abolere
2104 1976 2242 2022 va-

93 2066 252 2142 eat,
310 2068 388 2128 et
423 2079 564 2128 nec
599 2053 1062 2128 occurrentis
1116 2048 1472 2154 temporis
1508 2078 1937 2129 successura
1990 2057 2255 2151 curri--

88 2155 272 2248 mla,
331 2159 392 2233 si
449 2175 706 2234 nostra
774 2158 1269 2233 taciturnitate
1334 2154 1869 2253 excludantur,
1923 2162 2240 2237 calamus

88 2262 453 2355 zcribentis
480 2263 862 2340 notificare
919 2291 1066 2340 non
1109 2264 1534 2368 postponit;
1612 2291 1785 2340 cum
1847 2267 2046 2342 enim
2105 2294 2240 2344 nos

88 2370 235 2445 ilias
267 2398 405 2476 pro
452 2372 895 2476 aquisitione
938 2370 1131 2447 sacri
1169 2370 1365 2446 tituli
1418 2371 1856 2476 imperialis,
1925 2372 2241 2478 suscipi-

88 2473 420 2583 mdisque
459 2478 773 2554 finaliter
795 2476 1064 2552 vltimis
1104 2476 1390 2553 duabus
1425 2481 1720 2554 coronis
1741 2482 2243 2584 imperialibus

88 2608 200 2660 >er
233 2601 476 2689 partes
510 2585 939 2661 Alamaniae
961 2639 984 2679 ,
1042 2609 1294 2660 versus
1331 2583 1864 2672 Lombardiae,
1897 2587 2235 2688 Tusciae,

88 2706 141 2766 ει
174 2691 354 2767 alias
388 2692 638 2768 Italiae
684 2709 929 2795 partes
976 2690 1124 2766 iter
1171 2692 1657 2794 arripuimus,
1730 2711 1807 2770 et
1859 2720 2095 2796 vsque
2131 2695 2237 2771 'ad

88 2794 568 2874 mediolanum
601 2798 1004 2890 inclusiue‚
1058 2792 1188 2872 vbi
1240 2798 1635 2873 secundam
1686 2825 2041 2877 coronam
2086 2827 2237 2877 no-

88 2920 286 2980 ztram
331 2904 787 3007 imperialem
828 2901 921 2978 de
959 2901 1298 2977 manibus
1336 2903 1966 2980 Reuerendissimi
2006 2911 2233 2984 Patris

88 3028 137 3084 ει
175 3011 478 3086 Domini
509 3008 1071 3112 Archiepiscopi
1106 3006 1700 3103 Mediolanensis,
1736 3013 1812 3084 in
1850 3011 2232 3091 domicilio

88 3118 269 3193 {eati
303 3114 680 3193 Ambrosii
717 3115 1069 3220 Episcopi
1102 3114 1424 3219 gratiose
1462 3118 1943 3220 suscepimuS,
1970 3144 2229 3197 acces—

88 3227 326 3317 imus,
379 3226 536 3324 ipse
589 3221 853 3299 Paulus
918 3223 1271 3327 Magister
1327 3220 1758 3324 Agazonum
1802 3243 2258 3320 nostrorum*

88 3359 236 3408 :um
277 3358 368 3408 co
426 3332 579 3407 iosa
616 3326 1084 3408 familiarium
1136 3354 1442 3406 suorum
1483 3330 1867 3426 Comitiua‚
1888 3353 2231 3422 nostram

88 3359 449 3543 sequentib
487 3437 942 3513 Maiestatem
964 3494 988 3529 ,
1046 3463 1185 3540 per
1221 3451 1456 3510 totum
1503 3437 1727 3541 ipsius
1754 3440 2033 3520 itineris
2068 3468 2229 3542 spa-

88 3548 247 3620 .ium
283 3543 500 3621 nobis
535 3542 781 3619 fidelia
813 3544 1083 3649 iugiter
1118 3540 1482 3646 impendit
1517 3542 1898 3648 obsequia,
1935 3548 2230 3625 tandem

88 3653 281 3729 iobis
310 3652 406 3727 de
445 3649 871 3726 Mediolano
905 3676 1042 3752 per
1072 3647 1299 3725 dictas
1327 3647 1777 3727 Lombardie
1811 3671 1885 3728 et
1917 3658 2229 3734 Tusciae

88 3747 310 3834 >artes
354 3756 1079 3863 pertranseuntibus,
1157 3783 1249 3864 ac
1303 3780 1537 3855 vsque
1593 3776 1669 3833 et
1715 3757 1804 3834 ad
1856 3763 2230 3839 ciuitatem

88 3882 392 3941 :ostram
428 3859 789 3964 Senatum
837 3860 1232 3966 permultas
1268 3887 1355 3939 ac
1400 3863 1636 3940 varias
1672 3865 1964 3943 insidias
2009 3872 2232 3946 nobis

88 3990 143 4048 tt
181 3970 532 4074 gentibus
566 3968 836 4045 nostris
878 3996 1017 4075 per
1056 3969 1519 4047 Florentinos
1572 3990 1647 4046 et
1705 3998 1927 4075 quam
1993 3976 2237 4077 pluri-

88 4102 236 4154 :nos
270 4077 458 4157 alios
492 4090 792 4153 nostros
825 4093 902 4153 et
938 4073 1149 4151 Sacri
1184 4077 1501 4172 Romani
1550 4079 1881 4181 Imperii—
1878 4082 2237 4182 rebelles,

88 4201 150 4261 at
184 4187 563 4277 inimicos,
619 4184 937 4287 positas,
993 4185 1162 4259 Deo
1213 4184 1462 4276 Duce,
1534 4182 1817 4287 ‘absque
1863 4188 2192 4268 molestia
2219 4251 2241 4287 ‚

183 4293 401 4388 Tom.
444 4294 545 4370 X.
599 4289 772 4368 Vol.
820 4289 983 4366 vn.
1564 4364 1568 4369 .
1772 4303 1863 4372 55
