2926 4849
2142 450 2294 522 823
2376 552 2383 559 .

1182 654 1450 733 cnm.

202 790 535 865 Cepimbm
571 793 1162 870 Quinqmeeclest'mu
1207 796 1463 867 perhibet
1505 814 1611 869 per
1655 796 1974 868 capitulum
2010 786 2393 869 Zagiabimc

403 886 921 958 Sigan-undamn.
955 889 1029 941 H.
1068 887 1141 960 ab
1177 890 1654 959 &pignoratione
1670 920 1690 947 ‚
1737 885 1829 941 vel
1865 883 2174 941 collatione
2201 885 2388 941 cauti

402 974 702 1049 Meduvq'r
721 977 1065 1049 prohibitum
1089 977 1307 1047 fuine.
1346 981 1414 1034 A.
1455 978 1615 1034 1436.

399 1086 556 1162 Nos
629 1086 1051 1191 Capitulum
1103 1086 1479 1163 Ecclesiae
1567 1084 2388 1190 Quinqueecclesiensis

196 1194 611 1270 memoriae
672 1192 1317 1273 commendamus:
1412 1191 1635 1281 Quod
1710 1191 2160 1268 honorabilis
2223 1196 2382 1288 vir,

197 1297 558 1403 Magister
609 1301 1009 1393 Fabianus,
1096 1296 1424 1376 eiusdem
1481 1301 1853 1375 Ecclesiae
1910 1317 2247 1392 nostrae,
2309 1317 2385 1377 et

197 1404 717 1507 Zagrabiensis
755 1405 1249 1483 Ecclesiatum
1273 1408 1716 1499 Canonicus,
1750 1407 1823 1480 in
1859 1406 2102 1481 medio
2142 1408 2379 1482 nostri

194 1515 691 1616 personaliter
733 1516 1214 1596 constitutus,
1272 1514 1667 1617 Egregium
1709 1512 2238 1615 Rodulphum,
2294 1511 2380 1587 fi·

195 1617 381 1693 lium
429 1616 749 1695 Rodulfi
794 1619 888 1696 de
928 1618 1192 1702 Alben,
1232 1647 1319 1695 ac
1364 1619 1838 1697 Leonardum
1882 1618 2114 1693 filium
2168 1621 2381 1694 eius-

189 1719 411 1818 dem,
465 1752 609 1803 nec
663 1753 811 1802 non
877 1726 1449 1803 serenissimum
1503 1729 1943 1829 Principem
1974 1728 2376 1803 Dominum

186 1829 749 1933 Sigismundum
775 1887 798 1925 ,
839 1835 980 1909 Dei
1007 1837 1238 1936 gratia
1275 1837 1789 1910 Romanorum
1828 1838 2369 1937 Imperatorem

184 1962 277 2012 ac
314 1941 521 2041 regni
559 1940 982 2045 Hungariae
1017 1958 1159 2017 etc.
1218 1943 1542 2042 Regem,
1582 1941 1985 2018 Dominum
2025 1939 2383 2017 videlicet

183 2064 564 2141 nostrum,
622 2065 1064 2152 gratiosum,
1118 2075 1160 2120 a
1197 2044 1641 2138 donatione,
1697 2046 2157 2141 venditione,
2214 2046 2367 2120 im·-

185 2150 743 2255 pignoratione,
777 2180 907 2229 seu
942 2154 1205 2256 quauis
1238 2153 1679 2230 alienatione
1721 2151 2103 2229 cuiusdam
2146 2156 2365 2229 castri

179 2257 363 2332 dicti
419 2260 733 2364 Capituli
789 2260 1343 2365 Zagrahiensis,
1423 2278 1498 2337 et
1558 2259 1925 2336 Ecclesiae
1983 2257 2360 2356 eiusdem,

174 2364 613 2445 Medvewar
657 2367 879 2462 dicti,
934 2372 1009 2442 in
1046 2370 1413 2444 Comitatn
1448 2367 1926 2472 Zagrabiensi
1966 2366 2239 2462 habiti,
2281 2384 2358 2444 et
2432 2411 2437 2417 ·
2538 2428 2545 2435 -

178 2473 580 2566 existentis,
638 2478 1303 2576 vniuersarumque
1323 2476 1663 2550 villarum
1698 2493 1773 2550 et
1812 2482 2357 2578 possessionum

178 2576 664 2657 Szlamnovcz
689 2637 709 2674 ‚
766 2579 1037 2658 Szentb
1075 2583 1318 2658 Jacob
1351 2601 1986 2686 nuncupaturum,
2045 2583 2119 2655 in
2152 2580 2355 2657 dicto

178 2685 553 2763 Comitatu
599 2689 1075 2790 Zagrabiensi
1130 2691 1644 2780 existentium,
1741 2715 1881 2764 nec
1942 2714 2111 2763 non·
2149 2685 2352 2783 vadi,

173 2816 302 2868 seu
359 2813 622 2896 portus
678 2791 881 2870 fluuii
940 2798 1186 2890 Zue,
1297 2799 1374 2870 in
1430 2797 1686 2872 eadem
1736 2795 2009 2870 Szenth
2068 2795 2354 2886 Ja‘cob,

170 2899 446 2990 habiti,
507 2921 1097 3004 cunctarumque
1154 2901 1586 2994 Vtilitatum,
1668 2929 1798 2979 seu
1853 2895 2353 3006 prouentuum

169 3006 268 3082 ad
297 3005 587 3084 easdem
617 3013 999 3113 portiones
1023 3007 1467 3085 Szlamnocz
1495 3027 1568 3083 et
1598 3008 1877 3085 Szenth
1909 3007 2146 3083 Jacob
2184 3034 2351 3110 per-

165 3118 603 3209 tinentium,
636 3120 811 3196 item
854 3116 1327 3217 Magnificum
1371 3117 1425 3188 F
1430 3114 1832 3190 ridericum
1852 3172 1877 3206 ,
1920 3114 2155 3189 filium
2179 3141 2351 3190 con-

131 3220 339 3296 ·dam
375 3221 790 3297 Hermanni
842 3224 936 3299 de
983 3223 1211 3316 Cilia,
1271 3227 1677 3314 Comitem,
1751 3219 1865 3296 de
1904 3221 2205 3319 eadem,
2260 3247 2346 3297 ac

163 3328 505 3403 Vlricum
558 3329 794 3406 filium
830 3331 1205 3422 eiusdem,
1262 3350 1339 3407 et
1381 3329 1560 3405 alios
1597 3325 2009 3432 quoslibet,
2066 3329 2160 3404 ab
2193 3355 2347 3403 em-

161 3436 409 3529 tione,
455 3463 620 3538 vpro
672 3443 1222 3541 pignorumque
1281 3440 1753 3541 receptione,
1839 3453 1917 3510 et
1975 3437 2117 3511 sibi
2177 3437 2348 3540 ipsis

160 3544 436 3647 quouis
469 3542 613 3619 alio
654 3547 989 3645 quaesito
1027 3547 1164 3620 sub
1200 3545 1497 3636 colore,
1543 3544 2108 3648 perpetuatione
2133 3599 2156 3638 ,
2212 3568 2345 3618 seu

161 3650 774 3755 appropriatione
819 3652 1367 3756 praedictorum
1424 3654 1660 3726 Castri
1718 3649 2204 3743 Medwewar,
2258 3675 2349 3726 ac

163 3759 709 3863 possessionum
756 3758 1188 3834 Szlamnoez
1233 3775 1308 3835 et
1343 3756 1619 3834 Szentb
1661 3756 1904 3836 Jacob
1943 3759 2349 3831 nominata-

163 3889 334 3938 rum
370 3919 392 3957 ,
472 3878 1061 3969 cunctarumque
1121 3867 1662 3970 possessionum
1730 3891 1816 3939 ac
1866 3862 2210 3938 villarum
2271 3885 2348 3940 et

164 3970 473 4045 aliarum
520 3971 955 4066 vtilitatum,
1011 3972 1103 4047 ad
1157 3973 1350 4047 idem
1405 3988 1723 4046 castrum
1777 3986 1855 4045 et
1895 3971 2125 4046 dictas
2166 3970 2345 4044 duas

166 4080 667 4182 possessiones
734 4084 1259 4185 spectantium,
1355 4104 1770 4183 vsuumque
1826 4076 2206 4154 fructuum
2274 4092 2353 4153 et

167 4184 674 4288 quarumlibet
702 4190 1101 4266 vtilitatum
1141 4183 1475 4264 eiusdem
1508 4203 1586 4260 et
1633 4186 2068 4261 earumdem
2096 4209 2352 4290 perce·
