2926 4849
2007 467 2158 539 895

90 674 214 744 :es'
248 669 332 744 in
370 667 587 748 dictis
623 666 1109 767 eomitatibus
1149 653 1619 748 Cs'anadiensi
1640 726 1660 756 .
1717 669 2115 751 Orodiensi
2169 670 2265 749 de
2392 666 2398 671 ¹
2466 655 2473 659 .

90 771 371 873 Valko,
428 775 922 878 Simeghiensi
959 793 1032 851 et
1070 775 1166 852 de
1193 777 1576 879 Baranya,
1632 804 1774 854 nec
1812 806 1968 856 non
2009 781 2267 857 Distri-

88 898 196 957 :tu
241 879 958 983 Szarazermellyeke
991 883 1388 965 existentes
1427 908 1661 987 penes
1702 887 2017 962 Actores
2058 886 2262 962 Her.-

88 1013 254 1113 tzeg
287 990 400 1062 in
426 1005 919 1094 perpetuum,
971 988 1169 1064 salva
1207 992 1690 1066 successione
1712 990 1929 1069 unius
1986 1018 2081 1070 ex
2118 990 2264 1069 de·-

86 1092 279 1173 fectu
314 1096 612 1172 alterius
647 1110 1130 1201 permanente
1175 1097 1627 1173 terminatus.

145 1225 244 1285 Ex
277 1218 759 1306 Adiudicatoriis
791 1217 1093 1284 Ludovici
1133 1213 1207 1284 ll.
1243 1219 1425 1305 Regis
1466 1221 1585 1284 sub
1610 1226 1807 1285 Lecta
1843 1219 2138 1307 Stephani
2179 1222 2263 1291 dc

139 1358 140 1363 ¹
258 1323 568 1391 Verb6cz
590 1328 772 1389 Anno
808 1323 1003 1388 1523.
1036 1344 1115 1387 ex
1149 1332 1300 1386 nota
1350 1323 1655 1386 Francisci
1693 1321 2053 1409 Hedervary
2090 1347 2258 1389 ema·-

183 1424 188 1429 ’
256 1427 453 1505 natis,
506 1448 582 1490 ac
611 1426 677 1487 in
726 1424 997 1490 Archivo
1036 1428 1369 1510 Revayauo
1413 1425 1809 1489 exstantibus·
1880 1425 2248 1511 Genealogia

254 1528 544 1593 Familiae
585 1528 1078 1593 Hedervarianae
1115 1547 1229 1611 per
1263 1527 1503 1590 Belium
1546 1537 1612 1590 et
1644 1532 2030 1613 Wagnernm
2071 1520 2253 1594 erro-

251 1655 374 1700 nee
424 1633 583 1700 edita
603 1640 606 1645 ’
623 1643 845 1700 tenore
888 1634 1246 1721 Diplomatis
1287 1616 1474 1721 hujus
1518 1632 1696 1696 aliam
1747 1630 1949 1700 induit
2000 1634 2243 1700 (aciem.

253 1735 450 1802 Gabr-
485 1739 702 1824 ngy„
970 1810 976 1817 ‚
1419 1834 1425 1845 ,

1018 1898 1310 2003 cnm

80 2043 216 2101 meis
269 2043 497 2101 mesatis
547 2045 782 2102 arbitrio
826 2059 1069 2120 quatuor
1116 2044 1497 2118 Johagionum
1549 2043 1941 2101 odiat-mrum
1993 2043 2253 2105 sublatae

251 2135 649 2192 decumanum.
707 2138 777 2192 A.
807 2136 969 2194 1437.

252 2251 413 2327 Nos
475 2251 902 2357 Capitulum
958 2251 1331 2334 Ecclesiae
1410 2240 1762 2330 Albensis
1836 2253 2246 2331 memoriae

76 2357 714 2455 :ommendamus,
770 2358 982 2463 quod
1024 2360 1411 2463 religiosus
1454 2362 1610 2453 vir,
1677 2359 2037 2437 Dominus
2076 2360 2245 2437 Fra·

76 2491 177 2540 ·.er
217 2463 539 2543 Thomas
590 2466 935 2543 crucifer
994 2484 1071 2542 et
1109 2468 1578 2569 Praeceptor.
1624 2465 1998 2542 Ecclesiae
2041 2467 2246 2543 Beati

76 2572 287 2674 Regis
335 2572 696 2677 Stephani
755 2574 850 2648 de
908 2572 1141 2665 Alba,
1195 2598 1359 2677 pro
1408 2600 1489 2650 se
1555 2573 2082 2677 personaliter,
2154 2598 2245 2650 ac

76 2704 204 2780 pro
243 2677 663 2757 honoiabili
693 2679 1086 2757 Conuentu
1124 2679 1265 2754 loci
1309 2679 1683 2775 eiusdem,
1741 2705 1913 2754 cum
1957 2706 2243 2784 procu-

76 2785 357 2861 ratoriis
398 2786 635 2862 literis
673 2787 1049 2883 eiusdem,
1103 2785 1196 2861 ab
1258 2810 1437 2879 vna3
1494 2801 1734 2891 parte
1746 2811 1934 2862 vero
1986 2783 2083 2860 ab
2123 2784 2242 2860 al-
2316 2861 2319 2864 .
2454 2781 2464 2788 ’

76 2909 222 2966 tera
279 2889 737 2996 Stephanus,
790 2888 983 2968 filius
1027 2842 1249 2965 'Pauli
1293 2892 1388 2966 de
1445 2892 1833 2992 Deregke,
1889 2916 2120 2965 onera
2158 2909 2243 2968 et

76 2999 481 3101 grauamina
525 2995 821 3076 Nicolai
872 3014 948 3073 et
999 2997 1350 3091 Ladislai,
1421 2998 1738 3072 fratrum
1796 2996 2239 3094 carnalium,

76 3128 205 3178 nec
253 3130 403 3179 non
454 3105 658 3180 Petri
709 3103 840 3179 fihi
890 3103 1135 3195 Pauli,
1189 3104 1369 3179 dicti
1405 3101 1784 3204 Bychkele
1844 3102 1937 3178 de
1980 3103 2237 3197 Ewrs,

76 3210 242 3285 item
287 3208 581 3286 Nobilis
617 3212 981 3286 Dominae
1013 3208 1393 3288 Susannae
1445 3228 1793 3301 vocatae,
1850 3209 2081 3286 relicti
2113 3209 2238 3285 Al·
2292 3247 2295 3250 ¹

76 3315 293 3412 berti,
359 3313 489 3419 fily
552 3315 944 3410 Matthaei,
1019 3316 1349 3394 similiter
1426 3315 1794 3419 Bychkele
1850 3315 2071 3408 dicti,
2138 3311 2237 3392 de

76 3419 338 3498 Eadem
378 3410 636 3515 Ewrs,
693 3448 783 3499 ac
844 3424 1298 3526 Augustini,
1341 3422 1477 3500 filii
1522 3423 1851 3501 eiusdem
1905 3419 2235 3519 Alberti,

76 3552 206 3605 nec
257 3556 412 3606 non
466 3530 786 3607 aliorum
841 3543 1287 3608 cunctorum
1342 3532 1860 3653 proximorum
1916 3546 1993 3606 et
2042 3555 2238 3605 con-

76 3635 642 3738 sanguineorum
681 3661 1039 3730 suorum²
1099 3636 1350 3735 quoad
1420 3637 1617 3712 infra
1672 3639 1944 3739 scripta
1997 3634 2088 3710 ad
2153 3661 2235 3710 se

76 3738 538 3836 assumendo,
632 3768 892 3819 coram
962 3741 1179 3818 nobis
1232 3745 1721 3867 personaliter
1797 3743 2175 3820 constituti
2206 3793 2237 3831 ,

76 3875 199 3952 per
234 3846 536 3924 eosdem
593 3859 862 3972 sponte
920 3850 1339 3927 confessum
1393 3849 1639 3928 extitit.
1694 3849 1774 3922 in
1821 3845 2018 3923 hunc
2074 3876 2233 3926 mo-

76 3958 285 4033 dum:
341 3953 567 4047 Quod
623 3982 792 4031 curn
833 3958 1039 4031 iuxta
1081 3958 1612 4035 continentiam
1661 3956 2038 4030 literarum
2082 3953 2233 4034 Ma·

76 4062 302 4168 guirici
351 4061 515 4144 Viri
542 4119 565 4158 ,
621 4064 923 4137 Domini
958 4063 1335 4142 Laurentii
1371 4062 1466 4141 de
1521 4060 2023 4142 Hedreehwar
2037 4112 2064 4155 ‚
2115 4090 2235 4144 re-

76 4170 189 4276 gni
228 4168 643 4277 Hungariae
671 4169 981 4250 Palatini
1014 4186 1090 4252 et
1120 4175 1165 4249 J
1171 4170 1404 4254 udicis
1447 4176 1999 4267 Cumanorum,
2053 4194 2230 4275 pro-7
