2926 4849
672 504 821 573 100

564 735 822 786 mnum
863 722 940 783 et
975 705 1509 814 praeiudicium
1566 703 1777 782 vslde
1847 729 2255 809 maguum3‘
2288 703 2534 812 Super
2585 731 2746 812 quo

564 815 896 915 fidelitgti
941 817 1255 891 Vestrae
1316 812 1632 890 firmiter
1678 818 2218 918 praecipientes
2258 813 2686 893 mandamus
2717 868 2748 909 ‚
2784 895 2793 904 ,

564 941 931 1028 quotenus
964 949 1197 997 vnum
1236 922 1356 996 vel
1396 922 1587 996 duos
1617 935 1713 994 ex
1755 921 1973 998 vobis
2006 924 2500 1006 transmittatis
2526 976 2548 1015 ,
2603 924 2745 1025 qui

566 1032 661 1107 ab
704 1028 1090 1122 omnibus,
1145 1027 1417 1132 quibus
1450 1028 1858 1119 incumbit,
1908 1053 2194 1104 meram
2238 1027 2331 1104 de
2387 1033 2741 1132 praemis-

559 1137 656 1214 sis
690 1135 1010 1240 excipiat
1063 1137 1489 1228 veritatem,
1545 1160 1771 1235 quam
1812 1134 2113 1210 tandem
2156 1134 2370 1214 nobis
2421 1134 2745 1216 fidel-iter

555 1242 994 1319 rescribatis.
1078 1243 1341 1317 Datum
1398 1243 1695 1318 Posonii
1747 1241 1872 1316 die
1916 1240 2291 1318 dominico
2347 1243 2746 1345 proximo,
2790 1321 2799 1328 ,

550 1349 902 1427 videlicet
937 1350 1181 1453 primo
1225 1367 1396 1452 post
1435 1347 1705 1423 festum
1738 1347 1943 1424 Beati
1997 1347 2376 1427 Ambrosii
2426 1349 2740 1453 Episco-

421 1462 429 1468 ’
548 1457 630 1563 pi
679 1473 757 1532 et
803 1454 1267 1532 Confessoris
1298 1457 1520 1529 Anno
1572 1453 1875 1531 Domini
1936 1455 2335 1536 Millesimo
2385 1454 2757 1558 quadrin-·

545 1565 953 1668 gentesimo
990 1564 1348 1666 vigesimo
1371 1587 1598 1654 nono,
1638 1588 2043 1665 regnorum
2073 1578 2498 1640 nostrorum
2520 1544 2735 1638 Hun-

551 1672 792 1746 cariae
827 1683 972 1746 etc.
1012 1661 1579 1772 quadragesimo
1615 1674 1855 1760 tertiO,
1893 1670 2403 1752 Romanorum
2435 1668 2733 1746 decimo

544 1727 789 1867 gone,
846 1792 921 1851 et
962 1774 1358 1850 Bohemiae
1391 1799 1617 1851 nouo.
1653 1773 1871 1850 Vnde
1908 1776 2063 1852 Nos
2102 1774 2463 1858 mandatis
2500 1775 2731 1879 ipsius

373 1865 385 1886 ’
495 1913 513 1930 ·
540 1883 852 1958 Vestrae
880 1880 1311 1958 serenitatis
1348 1884 1425 1956 in
1466 1879 1803 1957 omnibus
1839 1881 2615 1984 obedire.cupientes,·
2643 1896 2733 1958 vt

502 2013 512 2026 ·
542 2005 927 2084 tenemur,
983 2014 1080 2065 ex
1117 1988 1374 2064 debito
1409 1988 1759 2065 Nobilem
1793 1987 2223 2081 Nicolaum,
2280 1987 2514 2063 filium
2550 1988 2730 2064 Pau·

534 2095 718 2172 lide
763 2093 1174 2173 Breczhaza
1228 2121 1455 2171 vnum
1515 2121 1614 2170 ex
1669 2093 1888 2169 nobis
1941 2096 2274 2172 Judlium
2326 2092 2730 2197 praedictis

531 2201 625 2275 ad
661 2201 1049 2306 praedicta
1087 2199 1355 2276 Vestra
1390 2201 1728 2274 mandata
1754 2199 2073 2278 fideliter
2117 2202 2555 2306 exequenda
2595 2199 2729 2278 du-

529 2309 773 2385 ximus
808 2306 1345 2383 destinandum.
1406 2307 1559 2394 Qui
1597 2304 1894 2396 tandem
1941 2306 2033 2381 ad
2086 2334 2224 2384 uos
2281 2305 2548 2383 exinde
2602 2334 2726 2384 re-

527 2443 789 2493 uersus
826 2414 1043 2491 nobis
1080 2409 1336 2492 retulit
1382 2413 1521 2489 isto
1548 2411 1820 2517 modo:
1865 2413 2073 2518 quod
2115 2416 2193 2490 in
2230 2414 2423 2492 festo
2460 2415 2727 2492 Beato-

419 2585 429 2595 .
526 2551 697 2599 rum
739 2521 1060 2627 Philippi
1094 2538 1169 2597 et
1204 2520 1470 2597 Jacobi
1503 2522 2040 2626 Apostolorum
2063 2575 2087 2614 ,
2142 2550 2342 2598 nunc
2375 2525 2723 2626 proxime

521 2629 932 2734 praeterito
958 2680 981 2718 ‚
1038 2627 1355 2704 indicto
1408 2629 1775 2703 Comitatu
1808 2626 2315 2733 procedendo,
2355 2629 2449 2703 ab
2486 2631 2717 2707 omni·

523 2739 705 2830 bus,
764 2734 1038 2840 quibus
1073 2734 1440 2809 decuisset
1474 2752 1549 2810 et
1583 2733 1905 2810 licuisset
1930 2790 1952 2829 ,
2007 2733 2402 2812 Nobilibus
2455 2735 2722 2811 videli-

526 2861 643 2918 cet
680 2860 756 2920 et
791 2839 1240 2944 ignobilibus
1260 2897 1280 2935 ,
1318 2841 1784 2942 caeterisque
1811 2844 2136 2918 cuiusuis
2171 2860 2398 2919 status
2428 2860 2503 2919 et
2537 2869 2723 2918 con-

525 2949 832 3028 ditionis
869 2947 1229 3050 praedicti
1281 2950 1675 3023 ‘comitatus
1735 2947 2155 3025 hominibus
2201 2942 2443 3052 palsm
2478 2966 2554 3024 et
2590 2972 2722 3024 oc·

525 3057 744 3134 culte·
765 3056 1159 3158 diligenter
1178 3051 1652 3156 inquirendo.
1687 3054 1941 3128 omnia
1966 3057 2370 3158 praemissa
2400 3072 2478 3133 et
2496 3080 2721 3159 quae-
2770 3143 2776 3147 .

394 3228 401 3237 .
523 3165 641 3243 uis
682 3163 1254 3268 praemissorum
1291 3158 1574 3263 singula
1608 3160 1716 3236 sic
1746 3179 1826 3237 et
1857 3178 2157 3237 eatenus
2192 3159 2389 3238 sacta
2422 3180 2501 3239 et
2548 3188 2721 3265 per-
2766 3250 2773 3255 ,

529 3286 812 3375 peu-ata
831 3266 1079 3360 fuisse,
1103 3285 1181 3342 et
1208 3292 1367 3342 esse
1386 3265 1838 3359 retulissent,
1862 3269 2117 3369 prouti
2135 3287 2417 3346 vestrae
2436 3268 2722 3345 dictum

522 3375 764 3452 extitit
801 3372 1160 3448 Maiestas
1194 3430 1218 3464 ,
1278 3390 1353 3448 et
1384 3370 2016 3474 quemadmodum
2050 3393 2271 3452 tenor
2303 3394 2723 3455 vesu-arum

526 3483 908 3557 literarum
971 3479 1307 3555 continet
1364 3480 2015 3582 praescriptarum.
2089 3481 2366 3560 Datum
2414 3482 2722 3559 Posonii

526 3604 801 3666 octauo
837 3585 957 3662 die
991 3584 1137 3663 diei
1167 3582 1673 3690 Inquisitionis
1707 3591 2164 3687 praemissae.
2208 3588 2427 3667 Anno
2455 3615 2715 3694 supra.

435 3792 442 3805 ¹
530 3694 821 3772 dicto.“
877 3694 960 3769 L.
1017 3707 1338 3796 quatuor
1375 3691 1806 3795 sigillorum.

609 3822 663 3883 E
698 3821 1049 3887 membrana
1086 3820 1380 3906 originali.

527 4069 920 4143 &igi-'mundus
963 4072 1035 4125 R.
1070 4072 1146 4123 H.
1181 4085 1232 4125 ee
1262 4075 1571 4140 Imperator
1616 4073 1833 4125 Nouam
1880 4030 2193 4125 Marchie'inn
2240 4070 2446 4128 ordina·
2493 4078 2706 4131 Teum-

717 4143 849 4195 m'co
864 4140 1035 4211 pleno
1070 4143 1194 4197 iure
1222 4144 1454 4215 confite.
1507 4143 1573 4198 A.
1609 4142 1768 4197 1429.

723 4236 898 4313 Wir
943 4234 1303 4340 Sigmund
1345 4262 1497 4312 von
1552 4235 1818 4311 Gottes
1861 4233 2147 4336 gnaden
2188 4237 2401 4315 Rom.
2444 4237 2701 4347 Kuuig
