2926 4849
2014 465 2165 537 875

104 662 586 745 ›raefatorum
609 666 1052 761 tributorum
1083 684 1529 759 nostrorum,
1564 665 1733 747 cum
1754 695 2020 749 eorum
2038 671 2264 753 rebus

102 768 767 879 percimonialibus
782 790 860 851 et
890 772 1272 852 venalibus
1293 791 1772 869 transeuntes,
1805 778 1883 855 in
1907 778 2158 861 eundo
2193 794 2273 854 et

102 877 472 956 :ede-undo
515 882 610 963 ab
655 882 857 961 omni
905 881 1290 958 tributaria
1331 884 1717 958 exactione
1774 884 2119 963 nouimus
2157 882 2272 977 fo·

102 1013 164 1063 ·e
216 1003 293 1061 et
344 1013 504 1063 esse
565 1008 946 1093 exemptos
1002 986 1532 1093 absolutosque
1591 1014 1677 1063 ac
1732 981 2031 1091 'penitus
2092 1016 2268 1097 sup·
2319 1045 2325 1051 -

100 1110 438 1171 nortatus.
491 1097 724 1196 Igitur
759 1122 896 1174 nos
933 1112 1383 1175 memoratos
1413 1094 1772 1188 Judicem,
1828 1113 1903 1172 et
1941 1096 1986 1171 J
1995 1114 2267 1191 uratos,

100 1219 571 1303 :neten-osque
638 1200 894 1296 Ciues,
951 1228 1091 1282 nec
1149 1228 1304 1281 non
1359 1220 1856 1295 mercatores,
1910 1202 2270 1308 hospites·

98 1334 234 1413 με
269 1324 346 1385 et
390 1308 667 1387 incolas
703 1306 940 1387 dictae
987 1309 1304 1391 ciuitatis
1336 1312 1634 1389 nostrae
1684 1306 2042 1393 Budensis
2087 1307 2272 1391 anti-

98 1414 252 1517 quis
301 1440 567 1497 eorum
616 1418 1185 1521 praerogatiuis‚
1240 1416 1740 1511 libertatibus,
1796 1434 1869 1493 et
1901 1417 2267 1499 exemtio·

96 1519 676 1613 inibunt-eisdem
737 1547 876 1624 per
913 1520 1124 1599 diuos
1158 1526 1407 1625 Reges
1455 1524 1908 1628 Hungariae,
1967 1538 2267 1619 nostros

96 1626 434 1704 videlicet
470 1628 1116 1732 praedecessores,
1168 1649 1246 1709 et
1287 1632 1511 1712 etiam
1548 1655 1694 1734 per
1739 1647 2066 1717 nostram
2115 1631 2268 1717 Ma·

96 1737 422 1812 'testatem
455 1738 793 1839 ‚gratiose
837 1740 1203 1843 concessis
1258 1753 1333 1812 et
1364 1734 1667 1817 indultis
1705 1736 2266 1840 requirentibus

94 1843 160 1914 in
199 1840 388 1919 locis
423 1842 931 1948 'praefatorum
979 1844 1430 1923 tributorum
1466 1857 1899 1921 nostrorum
1940 1864 2110 1921 cum
2144 1868 2266 1919 eo·

94 1975 256 2027 rum
285 1947 509 2025 rebus
538 1948 1212 2049 mercimonialibus
1237 1966 1318 2035 et
1357 1950 1742 2027 venalibus
1783 1967 2263 2046 transeuntes,

92 2056 155 2128 in
200 2054 452 2132 eundo
493 2075 580 2149 et,
611 2055 995 2141 redeundo
1051 2055 1147 2132 ab
1188 2055 1393 2135 omni
1439 2057 1827 2137 tributaria
1875 2058 2265 2137 exactione

92 2161 246 2238 l'ore
305 2180 385 2237 et
459 2189 614 2239 esse
671 2182 1096 2267 exemptos,
1186 2161 1774 2266 absolutosque,
1840 2181 1922 2240 et
1977 2163 2266 2265 penitus
2284 2186 2297 2237 f

92 2286 588 2372 iupportatos3
641 2271 876 2374 Igitur
910 2297 1047 2347 nos
1082 2286 1526 2346 memoratos
1566 2270 1609 2342 J
1621 2268 1909 2348 udicem
1943 2284 2020 2342 et
2051 2269 2268 2351 Jura·

90 2391 224 2459 tos,
304 2394 794 2481 caeterosque
853 2379 1100 2467 ciues,
1161 2402 1301 2454 nec
1363 2402 1520 2452 non
1578 2392 2073 2468 mercatores,
2130 2373 2264 2458 bo-

90 2483 456 2586 spitesque
493 2510 579 2558 ac
630 2485 913 2563 incolas
962 2487 1185 2589 ipsius
1224 2484 1558 2562 Ciuitatis
1612 2498 1910 2582 nostrae
1974 2478 2263 2560 Buden-

90 2592 177 2665 3is
225 2593 298 2666 in
353 2589 772 2676 huiusmodi
827 2618 1091 2669 eorum
1141 2589 1599 2668 libertatibus
1638 2595 1724 2663 ac'
1773 2588 2261 2692 exemptioni-

90 2695 219 2772 bus
252 2714 328 2770 et
370 2701 900 2801 praerogatiuis
937 2698 1378 2801 indempnes
1416 2697 2257 2788 volentes-conseruare,

90 2820 404 2893 vestrae,
460 2819 535 2875 et
573 2822 895 2880 vestrum
935 2805 1246 2879 cuilibet
1300 2803 1627 2880 fidelitati
1666 2802 2088 2878 firmissimo
2128 2829 2257 2875 no-

90 2896 414 2998 itrosub
474 2907 719 2985 edicto
787 2908 1117 2985 districte
1179 2910 1717 3012 praecipientes
1780 2905 2256 2997 mandamus,

90 3033 437 3119 quatenus
469 3042 513 3087 a
546 3016 772 3092 modo
802 3016 1289 3121 imposterum
1326 3011 1789 3115 temporibus
1825 3014 2259 3092 successiuis

90 3124 436 3198 uniuersis
470 3150 512 3194 a
543 3122 805 3200 ,Iudice
838 3140 914 3197 et
965 3123 1011 3195 J
1016 3124 1237 3202 uratis
1288 3148 1372 3199 ac
1416 3122 1729 3198 caeteris
1792 3116 2078 3204 ciuibus
2115 3147 2256 3204 nec

90 3255 226 3303 non
262 3224 667 3330 hospitibus
718 3227 1256 3306 mercatoribus
1295 3246 1373 3306 et
1401 3225 1679 3304 :incolis
1720 3243 2112 3306 annotatae
2149 3230 2255 3308 ci-

90 3334 312 3410 iitatis
368 3351 668 3411 nostrae
717 3334 1114 3430 Budensis,
1171 3337 1655 3438 ipsorumque
1692 3336 2118 3410 mercantiis
2163 3358 2254 3411 ac

90 3440 307 3520 rebus
321 3455 400 3515 et
415 3438 635 3518 bonis
650 3443 824 3537 suis,
840 3442 1016 3520 dum
1036 3441 1127 3520 ad
1143 3440 1305 3528 loca
1317 3444 1956 3547 praescriptorum
1974 3457 2180 3524 nostr

90 3576 239 3632 rum
294 3544 742 3628 tributorum
800 3550 1288 3644 accesserint,
1342 3567 1489 3630 tam
1551 3550 1630 3630 in
1680 3543 1973 3639 eundo,
2029 3576 2130 3656 qu

94 3684 145 3734 n
196 3652 584 3732 redeundo
641 3655 928 3738 nullum
982 3656 1387 3748 tributum,
1459 3657 1833 3740 nullamne
1877 3653 2253 3746 tributari-

90 3789 181 3838 ιω
232 3760 677 3835 solutionem
737 3782 1039 3869 petere,
1097 3780 1173 3836 et
1214 3759 1552 3867 exigere,
1611 3761 2050 3868 petique·et
2096 3759 2253 3844 exi-

90 3872 129 3967 gi
173 3869 423 3958 facere
456 3873 938 3969 praesumatis
962 3923 982 3955 ,
1039 3869 1168 3944 sed
1207 3870 1690 3973 sinatis·ipsos
1725 3887 1801 3964 et
1844 3866 2256 3970 quemlibet

90 4001 432 4081 psorum,
487 3973 770 4075 absque
827 3981 1028 4053 omni
1084 3974 1475 4060 tributaria
1513 3978 1946 4067 exactione,
2009 3973 2102 4052 ad
2136 3973 2241 4051 lo-

90 4109 195 4172 ta,
267 4105 460 4180 quae
514 4078 741 4162 iidem
797 4083 1224 4174 maluerint,
1293 4080 1648 4162 accedere
1707 4099 1783 4159 et
1827 4079 2240 4186 proficisci,

90 4206 146 4262 et
203 4186 600 4262 secusfsub
673 4217 911 4294 poena
985 4188 1511 4307 relutionis
1577 4215 2057 4294 personarum
2124 4213 2242 4264 ve-
