2926 4849
2130 495 2275 569 191

184 699 594 776 vniuersis·
648 699 876 790 Quod
934 723 1114 794 nos,
1169 700 1308 804 qui
1361 699 1614 779 diuina
1678 697 1895 777 nobis
1938 700 2387 835 suffragante
2468 762 2472 767 .

184 807 582 909 clementia
650 824 944 909 sceptra
1002 809 1500 939 gubernamus
1557 808 1875 910 regalia,
1962 825 2090 883 et
2116 824 2381 886 eorum

191 906 682 1019 principatui,
738 915 1037 1017 auspice
1088 913 1452 993 domino
1503 913 1993 1005 raesidemus‚
2050 933 2380 992 cuncto-—

191 1045 507 1124 rumque
554 1017 772 1098 nobis
820 1019 1145 1099 fideliter
1221 1022 1402 1099 obse
1515 1023 1798 1099 entium
1863 1018 2249 1099 fidelitates
2302 1039 2383 1098 et

187 1144 390 1202 actus
451 1145 790 1203 strenuos
856 1127 1167 1254 prouida
1220 1127 1812 1206 consideratione
1866 1155 2223 1234 pensare,
2297 1147 2376 1206 et

184 1234 356 1336 ipsis
413 1261 562 1340 pro
616 1234 894 1311 eisdem
946 1261 1041 1312 ex
1100 1239 1345 1311 innata
1408 1236 1624 1312 nobis
1681 1236 1883 1340 regia
1938 1232 2380 1312 liberalitate

185 1338 406 1445 digna
462 1342 789 1445 praemia
844 1340 1166 1419 solemus
1238 1343 1568 1446 elargiri3
1638 1360 2112 1418 recensentes
2170 1360 2248 1418 et
2302 1344 2379 1416 in

185 1443 557 1551 regalibus
611 1451 1075 1555 praecordiis
1133 1448 1354 1553 digna
1408 1449 1675 1525 mentis
1734 1448 2215 1527 meditatione
2270 1474 2381 1524 re·

190 1556 626 1646 uoluentes,
680 1552 1089 1660 praeclaras
1142 1556 1533 1633 fidelitates
1571 1571 1650 1633 et
1708 1553 1922 1631 laude
1970 1555 2187 1660 digna
2248 1554 2379 1631 ob-

191 1662 451 1766 sequia
491 1686 577 1735 ac
625 1664 948 1740 sinceras
985 1683 1059 1740 et
1104 1664 1467 1740 virtuosas
1503 1661 2084 1766 complacentias
2132 1660 2380 1738 fideli-

190 1796 313 1845 um
350 1785 777 1844 nostrorum
802 1823 821 1857 ,
859 1769 1342 1864 dilectorum,
1382 1767 2065 1845 Reuerendorum’
2045 1798 2122 1843 m
2168 1768 2378 1844 Chri-

189 1891 298 1949 sto
345 1874 691 1966 Petrum,
752 1877 1286 1968 Dominorum,
1348 1878 1546 1952 Petri
1586 1873 1710 1951 filii
1756 1872 2110 1968 Ladislai,
2167 1874 2379 1977 Agri·

190 1983 428 2071 ensis,
514 2010 598 2057 ac
653 1981 1019 2078 Simonis,
1094 1982 1221 2058 filii
1277 1982 1593 2058 condam
1647 1982 1958 2058 Comitis
2005 1981 2377 2074 Simonis,

187 2087 797 2192 Vesprimiensis,
873 2089 1371 2166 Ecclesiaium
1425 2090 2017 2195 Episcoporum,
2085 2110 2175 2165 ac
2222 2089 2378 2165 Ma-

187 2197 672 2299 gnificorum,
727 2194 1083 2300 Stephani
1149 2217 1223 2274 et
1291 2200 1634 2298 Georgy,
1686 2196 2012 2272 filiorum
2075 2196 2380 2273 antefati

190 2304 503 2377 Comitis
525 2301 923 2429 Simonis,
979 2304 1454 2397 Posoniensis
1502 2300 1909 2380 Comitatus
1948 2303 2378 2401 Comitum,

189 2410 469 2512 quibus
520 2408 662 2516 ipsi
728 2390 1160 2488 Celsitudini
1225 2426 1572 2509 nostrae,
1624 2411 1701 2486 in
1753 2437 1977 2513 quam
2035 2412 2380 2517 pluribus

190 2519 463 2594 nostris
509 2537 587 2594 et
615 2519 834 2620 regni
891 2519 1131 2594 nostri
1180 2517 1522 2623 agendis,
1579 2521 1793 2597 sicuti
1851 2521 2232 2624 prosperis
2271 2522 2378 2596 sic

189 2639 262 2697 et
311 2624 697 2720 aduersis,
750 2623 891 2706 sub
944 2624 1370 2704 diuersitate
1415 2625 1759 2704 locorum
1811 2643 1892 2700 et
1948 2643 2412 2728 temporum·

189 2756 324 2834 per
372 2756 681 2811 suorum
736 2730 1217 2808 laudabilium
1273 2749 1593 2838 operum
1636 2734 2068 2826 efficaciam,
2123 2750 2201 2810 et
2251 2735 2376 2808 in-

189 2835 554 2914 defessam
609 2838 1197 2932 solicitudinem,
1252 2840 1466 2917 simul
1514 2857 1592 2916 et
1626 2838 1959 2936 diuisim,
2014 2867 2056 2913 a
2094 2842 2379 2917 iuuen-

190 2947 358 3018 tutis
403 2967 669 3022 eorum
705 2944 1007 3021 cardine
1048 2971 1285 3049 Vsque
1338 2949 1415 3021 in
1462 2950 2049 3050 praesentiarum
2090 2947 2385 3026 studue÷

190 3068 364 3127 runt
400 3053 918 3156 complacere,
976 3079 1167 3156 quae
1203 3053 1512 3159 quidem
1571 3053 1888 3129 seruicia
1942 3050 2383 3130 eorumdem

189 3157 663 3235 dominorum
698 3158 900 3235 Petri
935 3178 1013 3235 et
1049 3158 1375 3239 Simonis
1412 3159 2007 3265 Episcoporum,
2061 3185 2149 3235 ac
2182 3161 2383 3236 vtri-

190 3289 424 3366 usque
469 3253 828 3371 Stephani
860 3292 946 3342 ac
973 3269 1275 3375 Georgii
1295 3269 1675 3343 Comitum
1722 3293 1864 3374 per
1901 3268 2184 3371 singula
2219 3284 2381 3343 toe-

188 3370 480 3447 diosum
519 3392 713 3451 esset
752 3372 1177 3470 declarare;
1229 3374 1325 3450 ad
1378 3376 1820 3465 memoriam
1880 3395 2125 3450 tamen
2180 3376 2383 3450 futu·

188 3505 492 3574 rorum,
547 3480 794 3585 aliqua
862 3505 958 3555 ex
1015 3432 1449 3567 eorumdem
1512 3483 1859 3560 virtuosis
1910 3481 2169 3582 gestis,
2241 3476 2383 3558 sub

189 3585 572 3662 breuitatis
608 3613 952 3662 sermone
993 3583 1339 3666 duximus
1374 3589 1790 3667 enarranda
1827 3588 2374 3690 compendiose.

119 3788 132 3796 ς
193 3693 381 3768 Nam
413 3691 728 3798 praefati
768 3713 1089 3795 vterque
1127 3693 1549 3802 Stephanus
1598 3715 1675 3775 et
1706 3696 2073 3797 Georgius
2115 3696 2380 3772 Comi-
2416 3753 2419 3754 ν

190 3815 293 3876 ιω
314 3801 859 3896 Posonienses,
901 3800 1133 3880 nobis
1169 3805 1402 3879 alias‘
1380 3833 1458 3879 m
1481 3803 1838 3909 partibus
1876 3798 2380 3899 Alamanniae,

188 3905 720 4001 Lombardiae,
776 3906 1155 3996 Franciae.
1193 3912 1535 4016 Angliae,
1576 3907 2038 4014 Aragoniae,
2100 3926 2176 3986 et
2224 3909 2384 4011 alys

189 4013 570 4124 nonnullis
610 4017 852 4117 regnis
892 4015 1158 4092 ditioni
1200 4022 1384 4095 sacri
1423 4021 1743 4093 Romani
1799 4016 2100 4120 Imperii
2140 4018 2386 4093 subie-

188 4122 367 4212 ctis,
424 4117 569 4227 pro
599 4141 816 4198 sacro
850 4141 1145 4199 sanctae
1188 4125 1607 4209 Romanae,
1663 4152 1750 4200 ac
1780 4124 2211 4198 Vniuersalis
2246 4122 2381 4197 Ec-

193 4180 458 4306 clesi‘ae
488 4229 807 4322 mione,
861 4233 1395 4337 communique
1440 4231 1647 4309 hono
1697 4236 1773 4308 in
1825 4229 2216 4366 republica
2258 4248 2372 4307 to-
