2926 4849
504 434 776 528 '64

780 664 971 744 saar
1001 662 1393 771 Subady‚
1443 674 1749 772 Ingvan,
1808 694 1898 757 ae
1922 664 2047 744 ·.Sz
2089 662 2607 771 Kiralyffilde,
2662 667 2774 741 in-

786 791 900 850 ter
950 773 1369 879 Capitulum
1415 777 1746 855 Albense
1812 801 1914 852 ao
1935 777 2416 853 Conuentum
2458 722 2777 855 cru’cife-

782 906 1043 957 rorum
1083 879 1178 960 de
1217 882 1448 979 Alba,
1504 880 2043 961 discutiendam
2078 883 2425 965 exmittit.

544 988 1049 1069 CCXXXIII.
1084 987 1294 1066 Idem
1356 990 1507 1067 Pal.
1566 993 1678 1092 By
1682 989 2102 1066 chkelianos
2141 1014 2284 1065 nec
2330 987 2775 1081 venientes,

781 1119 925 1171 nec
962 1095 1397 1173 statuendos
1431 1114 1857 1194 statuentes,
1912 1097 1990 1171 in
2029 1093 2325 1174 iudiciis
2361 1094 2775 1175 conuincit.

546 1204 1061 1283 CCXXXIV.
1132 1201 1345 1281 Idem
1403 1203 1555 1283 Pal.
1611 1202 2137 1307 Battyanianos
2212 1201 2438 1279 simili
2487 1198 2776 1277 iudicio

628 1338 633 1341 ⁴
787 1311 975 1386 strin
1053 1328 1107 1389 t.

554 1337 1051 1496 CCXXXV81
1072 1414 1283 1495 Idem
1304 1417 1679 1496 Palatinus
1712 1414 2274 1521 Bychkelianos
2287 1443 2436 1492 non
2473 1415 2778 1493 venien·

790 1537 903 1600 tes
942 1549 1082 1600 nec
1121 1524 1514 1609 mittentes
1533 1528 1748 1603 tertia
1785 1527 1949 1601 vice
1993 1524 2297 1601 euocari
2330 1520 2556 1600 iubet.
2791 1560 2805 1577 .

576 1629 1061 1709 CCXXXVL
1101 1628 1314 1710 Idem
1370 1631 1592 1710 Palat.
1649 1631 2023 1726 relictam,
2077 1658 2165 1708 ac
2200 1630 2427 1707 filiam
2463 1626 2780 1707 Joannis

789 1736 886 1815 de
923 1738 1163 1832 Gara,
1215 1738 1316 1816 ob
1354 1765 1508 1816 non
1546 1738 2011 1823 venientium.
2063 1738 2143 1814 in
2174 1737 2451 1815 iudicio
2467 1788 2494 1825 ,
2551 1753 2629 1815 et
2667 1734 2779 1813 ob

786 1871 943 1922 non
982 1859 1295 1924 statutos
1310 1845 1357 1920 J
1359 1844 1817 1947 obbagiones
1837 1845 1919 1922 in
1953 1845 2259 1949 singulis
2286 1842 2557 1922 marcis
2590 1866 2778 1922 con-

790 1970 1041 2031 uincit.

577 2060 1108 2139 CCXXXVH.
1161 2056 1474 2136 Mathias
1525 2056 1619 2136 de
1653 2054 1923 2136 Palocz
1957 2060 2322 2137 Palatinus
2357 2057 2784 2135 Susannam

789 2163 1210 2266 Bychkele,
1264 2164 1396 2267 fily
1451 2164 1777 2242 Ladislai
1809 2166 1904 2242 de
1938 2164 2173 2264 Εὸιε,
2226 2163 2323 2243 ad
2362 2164 2781 2272 proclama·-

792 2271 1022 2350 torias
1056 2266 1624 2396 Archiepiscopi
1656 2267 1986 2375 Sti-igon-
2026 2274 2336 2380 Georgii
2382 2299 2539 2349 non
2571 2273 2782 2350 veni·

794 2396 1091 2473 entem,
1145 2381 1223 2453 in
1256 2378 1533 2457 iudicio
1580 2378 1978 2457 conuincit.

526 2577 531 2586 ,
577 2433 1134 2566 ccxxxvn'l.
1189 2485 1565 2564 Primores
1606 2485 1920 2562 Kesmar
1904 2489 2206 2584 ·kenses,
2247 2487 2784 2565 Taboritarum

790 2594 1261 2670 Hussitarum
1307 2593 1632 2697 captiui,
1693 2591 2052 2690 vadibus,
2107 2596 2242 2697 qui
2297 2623 2440 2699 pro
2494 2596 2604 2671 eis

792 2721 990 2780 trum
1034 2701 1690 2805 perseuoluerant,
1743 2728 2045 2780 omnem
2091 2719 2490 2868 praestant
2496 2595 2786 2780 εαιίειέι-

789 2809 1136 2885 ctionem.

576 2936 1062 3017 CCXXXIX.
1097 2935 1371 3011 Forma
1396 2959 1792 3041 processus
1821 2931 2184 3026 iudiciarii
2196 2933 2720 3013 Ecclesiastici.

575 3063 868 3142 CCXL.
922 3061 1402 3164 Compactata
1444 3061 1857 3200 Pragensia.

1366 3239 1640 3321 Anno
1702 3248 1983 3322 1434.

527 3435 531 3439 >
574 3387 886 3469 CCXLI.
930 3384 1164 3466 Idem
1191 3386 1710 3493 sigismundus
1767 3390 2157 3468 Comitatui
2218 3391 2356 3468 de
2371 3391 2638 3497 Vngh,
2667 3413 2789 3472 vt

788 3496 972 3573 cleri
1018 3521 1109 3571 sc
1165 3497 1732 3603 potentiorum
1757 3497 1987 3573 etiam
2041 3496 2427 3575 Nobilium
2503 3498 2788 3578 subditi

787 3617 1170 3689 taxentur,
1205 3605 1755 3710 proportioque
1788 3603 2034 3683 vhiuis
2070 3603 2542 3707 obseruatur,
2565 3633 2790 3714 prae-

784 3712 984 3815 cipit.

569 3835 916 3932 CCXLII.
971 3836 1185 3916 Idem
1242 3863 1602 3916 eoronam
1647 3842 1858 3946 regni
1906 3860 2076 3949 post
2122 3841 2520 3920 discessum
2556 3868 2781 3920 suum

782 3942 1076 4021 Nicolai
1121 3944 1217 4023 de
1257 3949 1494 4044 Gara,
1548 3947 1853 4025 Palatini
1904 3946 2321 4037 custodiae,
2378 3947 2778 4026 concredi-

784 4072 974 4148 tam,
1026 4070 1201 4156 post
1239 4048 1453 4132 huius
1504 4054 1801 4134 obitum
1838 4085 1881 4132 a
1923 4052 2141 4132 vidua
2168 4081 2258 4132 ac
2302 4054 2454 4134 filio
2506 4085 2648 4162 per
2684 4056 2781 4148 Ε-

784 4162 1172 4270 piscopum
1227 4159 1431 4241 Jaur‘
1391 4189 1605 4241 ·.1nen
1648 4164 1980 4268 Georgio
2021 4162 2109 4241 A.
2163 4163 2541 4283 Episcopo
2588 4139 2781 4244 Stri-
