2926 4849
692 455 856 570 ὁ342

516 695 524 708 ¹
596 661 867 738 cedens
913 661 1404 765 praesentiam
1429 715 1451 754 ,
1517 662 1922 765 propositis
1972 672 2051 736 et
2103 654 2487 736 declaratis
2544 659 2789 738 fideti-

593 771 731 845 b'us
768 761 916 843 suis
943 763 1286 843 'seruitiis
1331 791 1468 871 per
1511 794 1681 843 eum
1723 768 1936 842 Matti
1975 784 2272 842 nostrae
2321 764 2660 843 exhibitis
2706 786 2792 846 et

599 877 982 968 impensis,
1020 874 1198 947 haec
1231 871 1459 950 Arma
1491 901 1622 949 seu
1659 874 2078 949 Nobilitatis
2105 873 2412 975 insignia
2451 874 2526 948 in
2564 902 2789 978 prae-

594 985 908 1059 sentium
955 983 1393 1056 Litterarum
1434 998 1850 1057 nostrarum
1887 981 2127 1084 capite
2171 980 2509 1084 depicta,
2564 1011 2605 1056 a
2648 1009 2788 1057 no-

586 1109 732 1164 stra
794 1092 1025 1163 Matte
1091 1089 1307 1181 sibis
1336 1115 1423 1163 ac
1482 1090 1635 1163 aliis
1697 1086 2231 1187 infrascriptis,
2289 1090 2781 1190 ipsorumque

587 1195 1023 1282 haeredibus
1045 1254 1061 1278 ,
1099 1211 1198 1271 ‘ex
1239 1215 1489 1273 nostra
1522 1197 1757 1300 Regia
1803 1194 2235 1270 liberalitate
2270 1194 2429 1269 dari
2466 1222 2557 1270 ac
2593 1222 2779 1272 con-

559 1303 770 1378 ferri
810 1300 1186 1376 humiliter
1227 1320 1306 1379 et
1342 1303 1614 1379 deuote
1651 1303 2059 1407 suplicauit.
2105 1299 2326 1376 Unde
2365 1313 2500 1376 'nos
2541 1321 2780 1378 atten-

583 1413 670 1485 tis
710 1427 784 1484 et
816 1409 1801 1488 consideratisfidelitatibus
1838 1425 1915 1483 et
1957 1408 2525 1513 praemissorum
2577 1408 2782 1485 fide-

585 1515 766 1589 lium
809 1518 1293 1593 ‘seruitiorum
1347 1517 1675 1621 gratuitis
1722 1519 2040 1608 meritis,
2094 1519 2445 1591 virtuosis
2498 1520 2725 1619 gestis
2755 1574 2783 1603 .

524 1663 538 1676 1
586 1648 673 1697 ac
708 1615 1036 1699 sinceris
1067 1626 1616 1729 complacentiis
1659 1623 1991 1700 annotati
2049 1621 2435 1725 Gregorii,
2491 1622 2775 1724 quibus

583 1731 740 1833 ipse
778 1731 853 1803 in
886 1732 1246 1810 vniuersis
1282 1730 1550 1805 nostris
1577 1747 1653 1804 et
1692 1732 2127 1835 Regnorum
2167 1746 2593 1805 nostrorum
2638 1755 2773 1807 ex·

590 1833 1094 1940 p'editionibus
1147 1840 1361 1914 sicuti
1412 1840 1790 1942 prosperis
1819 1892 1841 1930 ‚
1894 1836 2001 1912 sic
2051 1854 2128 1912 et
2177 1832 2499 1911 aduersis
2547 1838 2771 1914 Matti

585 1943 904 2020 Nostrae
945 1944 1260 2030 studuit,
1306 1971 1552 2045 eoque
1594 1943 2056 2047 frequentius
2098 1968 2185 2019 ac
2221 1941 2636 2044 diligentius
2683 1946 2773 2019 in
2812 1969 2827 1984 ·

589 2067 802 2125 antea
837 2048 1160 2128 studebit
1202 2053 1665 2155 complacere
1688 2107 1709 2145 ,
1765 2077 1920 2152 quo
1953 2075 2031 2126 se
2066 2070 2144 2126 et
2173 2074 2348 2125 suos
2389 2047 2775 2154 singulari-

588 2158 728 2232 bus
760 2156 1122 2232 honorum
1159 2162 1404 2260 gratiis
1436 2160 1703 2233 sentiet
1742 2156 1907 2234 fore
1943 2156 2371 2252 decoratos3
2408 2160 2770 2261 praescri-

591 2280 718 2370 pta
766 2265 990 2337 Arma
1045 2291 1174 2340 seu
1232 2263 1651 2342 Nobilitatis
1708 2264 2037 2363 Insignis·
2077 2257 2149 2336 in
2212 2264 2587 2368 principio
2637 2255 2770 2339 seu

591 2370 831 2473 capite
892 2374 1337 2473 presentium
1405 2369 1822 2446 litterarum
1883 2384 2301 2445 nostrarum
2355 2369 2647 2473 depicta
2698 2385 2778 2446 et

587 2478 703 2583 pal
716 2480 959 2580 parius
991 2479 1184 2556 ‘Arte
1221 2477 1534 2581 'pictoria
1564 2480 1889 2580 figurata,
1922 2503 2009 2552 ac
2048 2475 2454 2553 distinctius
2483 2505 2623 2580 exp
2645 2518 2762 2537 —-

588 2625 697 2643 -
731 2582 1065 2686 praefato
1101 2585 1470 2686 Gregorio
1499 2580 1594 2659 de
1628 2583 1921 2685 Dobry,
1961 2598 2037 2658 et
2057 2608 2197 2687 per
2218 2609 2388 2658 eum
2427 2584 2769 2661 Ladislao

592 2689 742 2767 filio
775 2688 1090 2766 condam
1123 2688 1320 2767 Petri
1354 2689 1449 2765 de
1491 2686 1745 2765 eadem
1778 2690 2096 2791 Dobry‚
2153 2688 2412 2784 fratri,
2468 2716 2555 2766 ac
2609 2693 2770 2767 Mi-

589 2795 821 2874 chaeli
866 2795 1015 2872 filio
1080 2797 1396 2876 condam
1431 2794 1796 2899 ‘Gregorii
1852 2796 1944 2870 de
1997 2798 2317 2886 Iwantz,
2382 2814 2457 2871 et
2504 2799 2621 2875 Bo
2653 2840 2769 2858 —-

609 2949 689 3009 .—
738 2949 829 2960 —
876 2942 981 2959 -—
1017 2942 1124 2963 -
1170 2948 1269 2959 —
1307 2904 1533 2982 Petro
1572 2903 1666 2978 de
1695 2903 2095 2979 Fernekatz
2149 2906 2505 3007 proximis
2555 2907 2770 2982 eius-

589 3012 760 3090 dem
789 3014 1129 3114 Gregorii
1169 3056 1272 3071 —
1310 3056 1415 3069 —-
1445 3055 1551 3068 —-
1585 3009 2138 3116 posteritatibus
2169 3012 2568 3101 vniuersis,
2604 3016 2771 3092 ani·

585 3146 712 3196 mo
744 3118 1152 3198 deliberato
1192 3152 2442 3179 ——————————
2484 3120 2637 3194 imo
2688 3138 2771 3196 et

580 3225 1125 3303 habundatione
1165 3244 1239 3301 et
1265 3223 1726 3332 plenitudine
1756 3240 2055 3300 ‘nostrae
2088 3224 2426 3328 specialis
2460 3227 2771 3326 gratiae,

580 3333 895 3441 proprio
932 3351 1138 3407 motu
1180 3332 1652 3408 concedimus
1684 3347 1761 3408 et
1803 3330 2313 3435 praesentibus
2354 3334 2767 3435 elargimur

577 3478 693 3502 —
739 3480 847 3498 -
902 3479 1002 3494 --
1061 3467 1277 3516 orum
1331 3481 1440 3498 —-
1494 3480 1598 3491 —
1653 3478 1758 3495 -
1811 3479 1917 3493 --
1974 3440 2435 3542 posteritates
2471 3444 2766 3516 vuiuer·

573 3570 696 3635 sae
730 3544 1106 3651 praedicta
1146 3549 1370 3620 Arma
1412 3571 1625 3621 more
1685 3544 1997 3620 aliorum
2044 3547 2287 3619 Armis
2339 3544 2763 3621 huiusmodi

574 3653 943 3745 nentium
986 3680 1027 3725 a
1060 3650 1287 3727 modo
1321 3653 1395 3725 in
1444 3669 1657 3733 antea
1694 3670 1992 3728 vtantur
2025 3652 2099 3725 in
2146 3650 2487 3753 proeliis,
2546 3653 2771 3726 hasti-

573 3756 834 3857 ludiis,
891 3775 966 3834 et
999 3757 1155 3833 aliis
1198 3756 1539 3834 omnibus
1582 3759 1952 3836 exercitiis
1982 3757 2394 3844 nobssibm,
2451 3761 2772 3835 ermili-

569 3862 894 3958 taribus,
968 3891 1111 3942 nec
1175 3893 1327 3941 non
1393 3866 1684 3968 sigillis,
1740 3866 2065 3956 annulis,
2127 3866 2476 3957 cortinis,
2534 3867 2767 3960 velis,

561 3969 1064 4075 papilionibus
1089 4026 1111 4065 ,
1148 3967 1497 4071 domibus
1537 3991 1613 4049 et
1648 3972 2095 4078 generaliter
2133 3975 2210 4049 in
2254 3974 2773 4077 quarumlibet

566 4078 825 4171 rerum
859 4093 936 4157 et
971 4077 1538 4182 expeditionum
1569 4080 1972 4185 generibus
1993 4135 2015 4174 ‚
2070 4078 2205 4155 sub
2241 4100 2452 4157 mero
2496 4090 2577 4156 e't
2609 4080 2765 4155 siis·

559 4177 739 4265 c‘e'ro
792 4174 1212 4266 Nobilitatis
1265 4204 1367 4242 -’-
1429 4227 1531 4243 ·--
1596 4226 1685 4243 -—
1748 4196 2035 4291 gestare
2063 4242 2084 4282 ,
2140 4182 2585 4288 eisdemque
2643 4190 2767 4262 uti
