2926 4849
2050 429 2059 435 ·
2117 486 2259 556 121

174 711 290 770 tas.
346 693 617 768 Vestra
652 695 946 769 nouerit
978 690 1386 783 serenitas,
1441 693 1655 796 quod
1687 721 1823 776 nos
1846 720 2144 771 summo
2185 721 2356 770 cum

173 801 451 880 bonore
497 804 820 900 receptis
878 804 1107 876 literis
1169 806 1423 877 vestris
1483 803 1958 895 annualibus,
2018 829 2158 907 pro
2208 804 2375 878 Re-

180 909 434 1011 ligioso
482 926 560 983 et
614 905 1021 1010 Magnifice
1070 909 1250 985 Viro
1295 910 1622 987 Domino
1682 911 1995 984 Alberto
2041 910 2135 983 de
2181 907 2377 1012 Nag-
2444 978 2455 990 ,

176 1015 414 1117 mybal
477 1015 737 1088 Priore
802 1016 1148 1089 Auranae
1200 1035 1275 1090 et
1337 1018 1736 1092 Conuentu
1806 1017 2368 1092 cruciferorum

170 1123 544 1205 Ecclesiae
584 1123 666 1195 Β.
703 1124 931 1224 Regis
965 1120 1318 1222 Stephani
1358 1124 1451 1198 de
1490 1124 1737 1214 Alba,
1793 1123 1885 1197 ad
1936 1123 2372 1224 inquisitio-

168 1256 341 1330 nes,
402 1232 939 1322 euocationes,
999 1227 1543 1331 prohibitiones
1600 1249 1676 1306 et
1723 1228 1816 1304 ad
1882 1231 2131 1306 omnia
2189 1231 2325 1304 alia
2351 1261 2405 1326 ,ν

166 1364 363 1440 quae
403 1336 674 1413 talibus
729 1336 808 1408 in
849 1337 1318 1439 processibus
1366 1340 1569 1415 iuxta
1622 1337 1802 1413 dicti
1862 1339 2075 1438 regni
2123 1333 2375 1412 Vestri

167 1444 798 1521 consuetudinem
832 1441 927 1517 de
959 1441 1008 1514 J
1015 1470 1143 1518 ure
1183 1461 1780 1528 consueuerant,
1834 1442 2166 1519 facienda
2188 1479 2217 1532 ‚·
2257 1444 2379 1518 iis-

165 1551 502 1651 demque
559 1575 700 1654 per
759 1567 1076 1625 vestram
1130 1548 1629 1627 Serenitatem
1689 1577 1830 1654 per
1882 1554 2054 1626 anni
2094 1539 2384 1652 ‘circu-J

168 1657 322 1735 lum
366 1659 697 1760 gratiose
739 1653 926 1733 datis
958 1661 1483 1749 arconcessis,
1537 1657 2373 1763 nobisquepraeceptw

169 1767 276 1843 rie
348 1763 701 1854 directis,
756 1781 834 1840 et
890 1765 1096 1839 iuxta
1153 1765 1585 1842 earumdem
1648 1765 2177 1842 continentiam
2233 1765 2377 1838 vna

171 1899 349 1950 cum
418 1867 799 1975 Stephano
844 1869 938 1945 de
988 1869 1218 1954 Alba,
1292 1871 1590 1949 homine
1650 1889 1893 1949 vestro
1919 1926 1940 1966 ,
2014 1870 2243 1954 literis
2296 1880 2376 1945 in

173 1981 458 2058 eisdem
491 1982 689 2053 inter
731 1977 914 2053 alios
957 1973 1294 2052 homines
1332 1999 1614 2057 vestros
1666 1979 2172 2078 conscriptos,
2228 1997 2379 2053 n'o-

141 2091 518 2170 ‚minatim
579 2109 978 2187 expresso,
1038 2105 1376 2160 nostrum
1428 2084 1807 2164 hominum
1861 2086 2207 2159 videlicet
2253 2084 2380 2160 Jo-

174 2195 541 2279 hannem,
603 2191 823 2266 C-hori
876 2192 1302 2294 praedictae
1355 2195 1735 2271 Ecclesiae
1803 2210 2100 2268 nostrae
2169 2192 2379 2268 cleri-

180 2328 395 2391 cum,
458 2297 554 2374 ad
596 2294 1139 2404 infrascriptam
1191 2302 1742 2404 inquisitionem
1790 2289 2200 2375 faciendam
2252 2327 2380 2375 no·

177 2429 286 2487 sto
347 2435 498 2513 pro
558 2406 983 2481 testimonio
1046 2412 1578 2485 transmisimus
1628 2409 1774 2484 fide
1828 2408 2155 2511 dignum.
2226 2406 2379 2495 Qui

179 2516 484 2591 tandem
532 2512 802 2588 exinde
834 2512 926 2587 ad
969 2541 1103 2589 nos
1141 2519 1425 2592 reuersi
1477 2517 1695 2593 nobis
1751 2514 2229 2592 concorditer
2263 2540 2380 2588 re·
2454 2522 2469 2539 ⁸

181 2624 563 2715 tulerunt,
622 2618 822 2722 quod
859 2621 999 2723 ipsi
1035 2623 1107 2694 in
1152 2618 1340 2697 festo
1379 2625 1465 2700 Β.
1507 2623 1766 2701 Vitalis
1803 2623 2149 2722 martyris
2183 2646 2380 2726 pro-

183 2731 380 2806 xime
435 2727 881 2834 praeterit0‚
957 2729 1033 2800 in
1097 2729 1471 2806 Comitatu
1524 2731 1826 2805 Albensi
1892 2728 1985 2802 ab
2035 2726 2380 2803 omnibus

185 2838 457 2937 quibus
504 2832 777 2908 decens
833 2851 911 2909 et
953 2853 1412 2938 oportunum
1481 2837 1778 2927 fuisset,
1836 2834 2215 2912 nobilibus
2258 2836 2381 2908 vi-

191 2941 459 3019 delicet
500 2959 576 3018 et
618 2939 1066 3043 ignobilibus
1106 2944 1860 3045 comprouincialibus
1913 2942 2087 3017 dicti
2141 2943 2385 3017 Comi-

198 3066 384 3124 tatus
424 3046 851 3122 hominibus
901 3046 1297 3150 diligenter
1363 3049 1817 3155 inquirendo
1872 3047 2090 3123 talem
2146 3046 2240 3124 de
2278 3050 2387 3122 in-

196 3155 592 3259 frascriptis
642 3155 1025 3229 sciuiss‘ent
1081 3161 1505 3233 veritatem:
1567 3155 1968 3247 Quomodo
2013 3154 2384 3230 Hemicus

197 3261 291 3338 de
333 3263 695 3354 Felduar‚
753 3264 1021 3336 Comes
1076 3260 1170 3337 de
1216 3265 1452 3363 Fayz‚
1509 3263 1763 3339 Gallus
1812 3265 2217 3355 litteratus,
2274 3286 2389 3335 ca-

194 3369 529 3444 stellanus
570 3367 1112 3460 Saxardiensis‚
1171 3388 1245 3445 et
1280 3371 1651 3453 Johannes
1708 3368 2030 3446 Nemeth
2065 3368 2159 3445 de
2196 3369 2382 3443 Zer-

199 3475 455 3579 dahely
480 3533 500 3571 ‚
546 3500 898 3550 vna=cum
933 3477 1305 3578 Gregorio
1349 3477 1501 3552 filio
1540 3474 1932 3569 Anthemii,
1966 3476 2384 3567 Valentin0‚

203 3583 470 3676 Paulo,
526 3581 917 3686 Philippo,
979 3582 1318 3678 Andrea,
1373 3585 1819 3676 Francisc0,
1874 3582 2149 3677 Zekel,
2207 3582 2386 3656 Cle-

199 3709 442 3766 mente
481 3706 557 3764 et
599 3689 983 3763 Anthonio
1038 3690 1383 3766 similiter
1440 3694 1711 3783 Zekel,
1768 3689 2022 3784 dictis,
2078 3686 2387 3764 Simone

202 3795 378 3893 rad,
452 3793 737 3870 Thoma
800 3814 877 3870 et
928 3795 1177 3873 Blasio
1231 3798 1396 3874 filiis
1436 3790 1818 3889 eiusdemi
1888 3796 2175 3871 Jacobo
2233 3792 2387 3868 filio
2498 3856 2507 3871 1

206 3901 434 4000 Kline,
462 3901 800 3978 Jobanne
838 3900 992 3976 filio
1034 3903 1404 3980 Valentini
1428 3907 1838 4006 „Georgio
1868 3902 2017 3978 filio
2054 3901 2387 3976 Thomae

212 4008 435 4087 Blasio
470 4009 627 4085 filio
667 4010 1064 4086 Clementis
1090 4064 1109 4097 ,
1165 4012 1583 4087 Benedicto
1634 4011 1787 4085 filio
1827 4011 2181 4110 Georgii,
2212 4009 2386 4082 ‘Ge-

213 4119 407 4220 orgio
442 4116 598 4191 filio
633 4114 1009 4209 Thomae,
1069 4116 1437 4195 Michaelc
1495 4115 1649 4195 filio
1697 4116 2090 4220 Gregorii3
2150 4116 2391 4189 Nico-

212 4217 315 4294 lao
342 4222 490 4298 lilio
531 4224 833 4299 alterius
863 4224 1247 4326 Gregorii,
1305 4222 1725 4328 Stephano,
1779 4226 1993 4315 Josa,
2051 4221 2215 4296 filiis
2259 4219 2410 4309 Pes
