2926 4849
709 448 858 537 sss

598 675 1138 776 rogatoriarum
1173 672 1460 774 paritet·
1493 688 1569 755 et
1608 662 2129 764 fassion'alium,
2181 692 2423 773 super
2471 666 2775 772 quadam
2860 476 2866 743 1

599 807 864 872 causa,
940 779 1167 855 literis
1242 782 1318 853 in
1398 779 1675 855 eisdem
1752 794 2132 870 contenta,
2218 774 2776 864 confectarum,

597 888 972 1011 quoddam
1033 886 1422 962 arbitrium
1472 903 1648 962 octo
1691 886 2102 989 proborum
2149 897 2228 959 et
2273 881 2671 958 nobilium
2701 888 2779 957 vi·

595 1019 860 1071 rorum
905 997 1096 1069 inter
1131 1011 1376 1096 partes
1412 993 1902 1097 praescriptas
1941 994 2015 1064 in
2058 990 2547 1094 possessione
2588 1016 2779 1093 prae·

596 1101 726 1176 sati
755 1098 1113 1205 Stephani
1153 1101 1209 1172 F
1210 1128 1306 1200 yr
1336 1119 1633 1195 vocata,
1692 1119 1962 1176 octauo
2003 1096 2137 1173 die
2162 1096 2336 1172 festi
2383 1098 2608 1174 Beati
2652 1099 2778 1172 Mi-

595 1204 873 1284 chae'lis
905 1206 1346 1308 Archangeli
1388 1208 1546 1282 fieri
1588 1225 1666 1283 et
1707 1206 2072 1283 celebrari
2123 1203 2564 1299 debuisset3
2626 1222 2779 1278 tunc

595 1313 781 1389 dicti
840 1330 1014 1388 octo
1061 1315 1285 1417 ptobi
1336 1330 1415 1389 et
1462 1312 1776 1390 Nobiles
1830 1315 1969 1391 viri
2029 1311 2336 1394 arbitri,
2399 1338 2556 1413 per
2605 1316 2779 1415 ipsos

596 1420 1006 1523 aequaliter
1045 1421 1304 1510 electi,
1360 1421 1435 1494 in
1488 1420 1873 1526 praedicto
1906 1436 2175 1495 octauo
2221 1417 2345 1492 die
2388 1419 2584 1493 festi
2615 1421 2776 1493 Bea-

596 1529 670 1604 ti
730 1525 1114 1601 Michaelis
1179 1526 1645 1649 Archangeli
1694 1529 1770 1602 in
1833 1527 2026 1603 dicta
2097 1526 2589 1629 possessione
2647 1525 2777 1624 Fjr

596 1637 1199 1738 comparuissent,
1253 1634 1605 1737 ipsosque
1645 1632 1885 1710 taliter
1925 1630 2373 1709 concordari
2410 1629 2784 1717 fecissent,

597 1741 806 1847 quod
846 1740 1242 1846 praemissa
1277 1740 1446 1833 lite,
1504 1765 1638 1816 seu
1672 1767 1886 1817 causa
1923 1765 2149 1844 super
2188 1739 2785 1815 reambulatione

593 1866 961 1926 metarum
1004 1848 1484 1952 possessionis
1520 1844 1769 1925 Archa
1801 1847 2089 1942 dictae,
2145 1846 2529 1922 Ecclesiae
2585 1844 2787 1920 Beati

592 1957 820 2057 Regis
860 1953 1218 2059 Stephani
1250 1971 1478 2041 mota,
1535 1950 1607 2028 in
1655 1955 2052 2059 praedictis
2092 1953 2359 2028 Literis
2409 1952 2605 2028 dicti
2634 1954 2789 2027 Do·

519 2094 522 2103 ·
594 2060 1126 2156 miniPalatini,
1181 2079 1258 2136 et
1295 2078 1715 2137 nostrarum
1760 2061 2277 2138 relatoriarum
2315 2059 2600 2134 exinde
2625 2083 2787 2132 con·

585 2167 955 2245 sectarum
1009 2186 1398 2257 contenta,
1481 2169 1679 2244 inter
1732 2170 1933 2269 ipsos
1997 2169 2260 2271 sopiri,
2336 2165 2641 2256 sedari,
2713 2185 2787 2239 et

596 2272 1094 2350 condescendi
1126 2273 1514 2367 fecissent,
1568 2275 1691 2349 tali
1735 2277 1985 2366 mod0,
2039 2293 2119 2348 vt
2154 2272 2622 2377 praelibatus
2644 2272 2783 2346 Ma·
2864 2316 2866 2377 3

598 2384 827 2488 gister
879 2380 1206 2457 Thomas
1282 2381 1730 2487 Praeceptor
1810 2383 2000 2458 duos
2068 2406 2163 2457 ex
2238 2379 2782 2485 Jobagionibus

595 2486 912 2614 praefati
949 2488 1304 2595 Stephani
1337 2506 1413 2566 et
1444 2515 1748 2565 suorum
1791 2479 2126 2564 Fratrum
2169 2486 2778 2594 praedictorum,

596 2598 677 2670 in
714 2595 923 2669 dicta
959 2599 1419 2698 possessione
1450 2622 1712 2672 eorum
1755 2598 1807 2670 F
1805 2623 1901 2698 yr
1933 2613 2420 2671 commorant.
2465 2613 2653 2699 pun
2683 2594 2777 2666 E-

596 2700 904 2805 gydium
961 2717 1037 2775 et
1098 2702 1536 2803 Dionysium
1588 2703 1824 2780 libere
1872 2705 2242 2805 elegisset3
2295 2728 2341 2777 e
2407 2726 2778 2778 conuerso

595 2824 842 2885 autem
894 2804 1268 2909 praefatus
1324 2805 1785 2912 Stephanus,
1860 2809 2046 2885 filius
2113 2808 2358 2904 Pauli,
2444 2808 2646 2884 duos
2699 2831 2778 2882 ex
2862 2899 2863 2908 ἵ

593 2914 1132 3018 Jobagionibus
1184 2915 1497 3019 praefati
1534 2918 1865 3019 Magistri
1902 2915 2228 2992 Thomae
2269 2917 2780 3020 praeceptoris

600 3037 676 3100 et
718 3022 1306 3116 suiConuentus,
1359 3025 1437 3097 in
1477 3030 1945 3128 possessione
1984 3049 2249 3099 eorum
2284 3019 2551 3098 Archa
2587 3048 2783 3127 prae·

599 3129 797 3205 dicta
839 3128 1293 3221 residentes,
1346 3128 1694 3207 videlicet
1729 3132 2039 3208 Paulum
2083 3145 2164 3206 et
2195 3131 2644 3233 Georgum‚
2686 3131 2783 3204 si·

600 3235 870 3313 militer
903 3235 1137 3312 libere
1174 3233 1549 3338 elegisset,
1607 3255 1682 3314 et
1720 3264 1891 3314 cum
1927 3236 2137 3313 dictis
2174 3251 2516 3342 quatuor
2546 3235 2783 3310 homi-

598 3339 860 3439 nibus,
952 3341 1530 3448 iobbagionibus
1596 3345 1879 3422 scilicet
1949 3340 2341 3421 ambarum
2416 3347 2778 3449 partium,

597 3450 1091 3526 iuramentum
1139 3473 1388 3554 super
1419 3474 1514 3525 eo
1530 3505 1555 3541 ‚
1615 3448 1998 3576 quomodo
2048 3451 2195 3555 ipsi
2246 3466 2488 3526 metas
2543 3447 2771 3526 dicta-

595 3583 762 3632 rum
798 3556 1339 3661 possessionum
1385 3554 1680 3650 Archa,
1736 3561 1965 3663 ipsius
2001 3557 2526 3662 Praeceptoris
2560 3575 2635 3631 et
2666 3554 2763 3628 sai

585 3657 1068 3748 Conuentus,
1126 3681 1202 3738 et
1237 3663 1387 3765 Fyr
1416 3662 1602 3739 dicti
1637 3614 2030 3770 Stephani,
2084 3661 2213 3740 filii
2243 3663 2501 3759 Pauli,
2563 3681 2631 3738 et
2662 3687 2765 3734 su·

595 3795 816 3847 orum
855 3769 952 3843 F
917 3799 952 3844 ι
955 3787 1241 3852 atrum
1299 3767 1424 3845 vbi
1458 3785 1534 3845 et
1565 3773 1640 3847 in
1667 3799 1829 3875 quo
1861 3772 2032 3849 loco
2066 3773 2452 3865 steterint,
2510 3794 2770 3845 secun-

595 3877 780 3955 dum
853 3903 1110 3954 cursus
1166 3876 1531 3953 dictarum
1598 3896 1963 3956 metarum
2019 3879 2200 3983 ipsis
2260 3827 2612 3984 partibus
2674 3901 2771 3949 re·

594 3985 1111 4078 ostenderent,
1181 4001 1406 4107 prout
1449 3988 1676 4064 moris
1734 4001 1888 4079 est,
1965 3985 2347 4089 deponere
2402 3986 2483 4059 in
2546 4002 2767 4062 terra.

594 4091 872 4198 deponi
912 4090 1277 4184 fecissent,
1338 4087 1664 4214 dictique
1696 4112 2021 4198 quatuor
2052 4092 2387 4169 homines
2424 4091 2538 4167 sic
2568 4116 2767 4196 prae·

596 4200 775 4277 stito
829 4218 903 4278 et
961 4199 1299 4305 deposito
1351 4198 1809 4297 iuramento,
1880 4217 2113 4278 metas
2167 4199 2538 4278 dictarum
2600 4222 2765 4303 pos·
2858 4257 2859 4260 ι
