2926 4849
742 1085 1255 1203 sigismundus
1292 1079 1437 1157 Dei
1483 1073 1723 1180 gracia
1768 1072 2280 1145 Romanorum
2329 1057 2497 1130 Rex
2537 1076 2734 1124 sem·

551 1242 689 1313 per
722 1208 1138 1311 Augustus,
1213 1218 1300 1267 ac
1369 1180 1799 1285 Hungarie,
1855 1167 2251 1258 Bohemie,
2309 1158 2736 1249 Dalmacie‚

547 1316 856 1401 Croucie
888 1368 910 1406 ,
964 1325 1112 1383 ete.
1160 1303 1348 1375 Rex,
1402 1287 1780 1366 Fidelibus
1830 1276 2099 1355 nostris
2154 1266 2532 1376 prouidis‚
2587 1265 2740 1336 Ju-

552 1427 695 1503 dici
735 1440 811 1498 et
845 1416 1117 1493 Juratis
1140 1404 1429 1483 ciuibus
1467 1413 1760 1472 nostrae
1791 1386 2115 1464 Ciuitatis
2130 1374 2590 1456 posoniensis
2624 1397 2740 1443 sa-

553 1537 777 1610 lutem
810 1543 884 1612 et
909 1520 1238 1625 gratiam.
1284 1504 1928 1584 Fidelitati-,vestre
1952 1488 2167 1565 firmo
2197 1500 2452 1562 nostro
2491 1477 2737 1579 Regio

549 1640 687 1718 sub
759 1634 1004 1710 edicto
1063 1618 1516 1727 precipimus
1577 1624 1653 1684 et
1704 1606 1916 1679 aliter
1988 1595 2265 1671 habere
2345 1586 2732 1673 nolentes,

549 1742 979 1824 mandamus
1020 1788 1045 1828 ‚
1122 1726 1504 1831 quatenus
1551 1713 1792 1791 statim
1841 1706 2008 1781 visis
2064 1692 2523 1804 presentibus
2565 1689 2742 1764 fide·-

550 1856 604 1931 li
644 1868 898 1928 nostro
945 1831 1348 1941 ‘Magnifico
1415 1820 1795 1926 Stephano
1852 1811 1973 1887 ⁴de
2028 1811 2385 1910 Rozgon,
2464 1795 2741 1874 Comiti

552 1950 1024 2041 Posoniensi,
1081 1968 1212 2022 seu
1250 1937 1408 2013 eiu's
1438 1924 1858 2005 hominibus
1875 1972 1903 2009 ,
1963 1942 2100 2021 per
2125 1916 2368 2015 ipsum
2406 1903 2495 1979 ad
2538 1903 2740 1978 labo-

554 2095 723 2144 rum
760 2074 1191 2137 nostrorum
1235 2035 1798 2120 Posoniensium
1830 2025 2392 2102 solicitationem
2435 2009 2742 2114 depute-

555 2176 686 2267 tis,
740 2169 891 2243 duo
935 2158 1155 2236 millia
1184 2211 1205 2247 ,
1263 2166 1339 2226 et
1376 2142 1956 2249 quadringentos
1982 2120 2347 2213 florenos,
2409 2146 2541 2222 per
2576 2144 2742 2192 een-

555 2298 715 2361 tum
749 2280 1048 2349 mOnete
1084 2278 1354 2337 nostre
1377 2249 1722 2352 quarting
1754 2256 2014 2317 vocate
2063 2234 2157 2308 de
2223 2227 2550 2336 pecuniis
2602 2251 2744 2299 eu-

553 2383 777 2467 sionis
809 2377 1040 2483 ipsius
1090 2378 1391 2444 monete
1446 2371 1747 2443 nostre,
1804 2344 1894 2422 ad
1949 2343 2314 2419 rationem
2381 2330 2745 2439 portionis

555 2510 808 2572 nostre
853 2473 1252 2559 Maiestatis
1284 2471 1358 2544 in
1413 2466 1571 2568 ipsa
1622 2458 1927 2534 cusione
1985 2476 2121 2526 nos
2172 2438 2741 2528 concernentia,

557 2627 698 2708 pro
735 2595 1105 2669 dictorum
1138 2579 1482 2654 laborum
1521 2583 1947 2642 nostrorum
1988 2553 2582 2640 continuatione,
2622 2542 2741 2617 da-

561 2735 645 2784 re
708 2720 782 2778 et
834 2699 1202 2797 assignare
1256 2677 1624 2770 debeatis3
1683 2693 1876 2773 quos
1950 2659 2254 2766 quidem
2315 2657 2466 2731 duo
2522 2650 2749 2742 minin

560 2833 633 2890 et
675 2804 1251 2911 quadringentos
1312 2782 1636 2863 florenos
1694 2791 1861 2879 post
1917 2771 2010 2845 de
2066 2780 2392 2872 pretacta
2446 2761 2753 2835 cusione

560 2933 861 2996 monete
903 2923 1196 2993 nostre,
1254 2920 1389 2970 seu
1427 2886 1757 2995 pecuniis
1798 2874 2125 2954 eiusdem
2167 2872 2259 2946 ad
2319 2868 2766 2974 porcionem-

563 3038 892 3104 nostram
932 3004 1410 3093 cedentibus»,
1468 3020 1606 3099 pro
1650 2989 1860 3065 vobis
1897 2982 2318 3058 tuccessiue
2343 2971 2753 3074 excipiatis,

568 3150 644 3210 et
684 3121 1096 3205 rehabeatis
1134 3140 1224 3187 ex
1260 3113 1576 3204 integro.
1633 3094 1861 3170 Secus
1919 3117 2069 3165 non
2132 3084 2419 3161 facturi.
2478 3081 2755 3154 Datum

567 3241 921 3340 Wyenne
954 3231 1027 3302 in
1063 3220 1258 3295 festo
1296 3206 1681 3311 diuisiopis
1720 3195 2281 3304 Apostolorum.
2337 3191 2559 3263 Anno
2601 3186 2757 3257 Do-

665 3686 756 3744 Ex
793 3657 1091 3840 qrffiietgisii·
1133 3669 1200 3727 In
1232 3657 1430 3747 capite
1458 3637 1787 3737 scriptum:
1834 3597 2188 3709 CommissIo
2249 3632 2498 3721 propria
2547 3599 2766 3693 Domi·-

768 3783 831 3823 m
992 3774 1060 3816 is·

1045 3879 1048 3884 ’
1560 3891 1793 3970 LXV.

582 4071 735 4125 Idem
759 4053 1196 4133 sigismundus,
1233 4056 1435 4098 contra
1487 4035 1707 4089 candem
1744 4029 2052 4087 Valentino
2093 4025 2158 4079 dc
2204 4017 2374 4078 Dola
2416 4022 2764 4074 wentanus

771 4154 995 4230 inquire·
1020 4148 1184 4203 iubet·
1221 4141 1286 4195 A.
1328 4134 1490 4192 1430.
1702 4193 1709 4202 ἱ

776 4237 1292 4356 sigismundus
1335 4231 1475 4307 Dei
1520 4224 1752 4330 gratia
1788 4222 2299 4295 Romanorum
2348 4189 2513 4284 Rex
2557 4231 2768 4284 sem-
