2926 4849
2085 469 2240 541 473

113 723 121 740 «
177 677 335 754 satis
365 676 843 755 conflauimus
878 704 1142 784 operas
1196 694 1548 774 nostratis
1571 697 1802 785 atque
1855 676 2210 772 studium,
2264 696 2346 785 vt

173 785 482 862 consiliis
515 787 943 863 vestrisnos
980 784 1457 864 conformare
1490 814 1870 890 possemus
1895 845 1916 883 ‚
1971 781 2358 889 quemad-.

170 891 460 967 modum
498 890 840 997 profecto
895 896 1037 997 ipsi
1101 895 1437 970 Concilio
1490 912 1565 970 et
1621 895 1850 972 rebus
1900 892 2344 1000 peragendis

166 1025 299 1102 per
341 1004 829 1103 praesentiam
882 1018 1260 1096 nomam,
1316 1026 1478 1079 non
1535 1000 1911 1078 modicum
1967 997 2343 1077 commodi

170 1123 600 1182 euenturum
627 1110 1120 1210 sperauimus;
1148 1109 1404 1211 sicque
1428 1133 1554 1184 res
1582 1126 1872 1184 nostras
1909 1108 2346 1214 aptauimus,

168 1231 244 1288 vt
276 1215 453 1289 siue.
489 1238 631 1316 per
683 1231 996 1300 terram.
1052 1217 1209 1291 siue
1274 1240 1410 1316 per
1466 1240 1710 1306 mare,
1782 1215 2348 1316 disponeremus

166 1318 550 1411 recedere,
607 1321 951 1398 omnibus
990 1319 1455 1424 periculiset
1501 1319 2046 1398 discriminibus
2087 1318 2347 1425 parui·

164 1430 418 1604 pensis.
482 1426 768 1502 Verum
805 1444 1097 1520 tamen,
1167 1428 1631 1533 approbante
1685 1428 2014 1504 Domino
2038 1449 2348 1504 ‘summo

216 1532 554 1625 ontifice,
610 1558 824 1610 sacro
853 1534 1230 1624 Concilio,
1291 1533 1384 1608 ad
1429 1534 1983 1643 persuasionem
2022 1534 2340 1610 nonnul·

167 1639 389 1714 lorum
413 1695 439 1735 ,
492 1637 935 1716 notabilium
971 1642 1346 1735 virorum,
1401 1657 1483 1716 et
1524 1639 1738 1715 etiam
1784 1661 2165 1717 oratorum
2197 1665 2346 1714 no-

166 1765 479 1821 strorum
502 1802 523 1834 ,
558 1764 635 1822 et
667 1749 966 1849 Imperii
1011 1751 1197 1823 sacri
1237 1749 1663 1852 Principum
1710 1746 2176 1841 Electorum,
2214 1747 2347 1850 qui

169 1851 370 1927 nobis
404 1854 829 1942 huiusmodi
865 1850 1122 1956 bullas,
1139 1853 1631 1954 exhibebant,
1686 1854 2058 1958 nobisque
2102 1879 2347 1934 recea-

76 1993 84 2012 ν
167 1984 315 2033 sum
350 1975 699 2036 nostrum
739 1962 897 2035 sine
945 1958 1458 2064 imperialibus
1494 1957 1748 2035 infulis
1786 1966 2082 2064 penitus
2114 1961 2348 2034 disua-

167 2061 470 2158 debant,
528 2092 699 2142 cum
742 2067 1151 2143 Sanctitate
1188 2094 1353 2150 sua,
1410 2066 1891 2144 remansimus
1936 2066 2347 2142 concordes

166 2173 232 2245 in
269 2163 579 2258 deificis,
617 2173 835 2249 licitis
865 2192 941 2251 et
976 2169 1317 2250 honestis.
1355 2171 1636 2274 Sicque
1677 2198 1815 2276 per
1857 2192 2094 2252 totum
2121 2178 2345 2250 istum

168 2304 485 2354 mensem
525 2282 805 2384 Aprilis
839 2305 1009 2358 cum
1048 2279 1455 2357 Sanctitate
1488 2305 1617 2356 sua
1663 2282 1738 2351 in
1780 2280 2128 2356 ‚Viterbio
2166 2306 2345 2356 con-

166 2389 578 2481 stituemur,
612 2406 685 2465 et
727 2413 960 2490 vsque
984 2387 1315 2465 medium
1349 2387 1555 2465 Junii
1604 2383 1719 2461 vel
1762 2388 1972 2491 prius
2009 2387 2087 2462 in
2130 2384 2343 2464 Vrbe

165 2493 497 2570 Romana
551 2522 593 2568 a
642 2493 1050 2571 Sanctitate
1096 2521 1232 2570 sua
1288 2494 1870 2588 coronabimur,
1942 2496 2344 2599 praestabi-

165 2626 473 2705 musque
525 2620 603 2679 et
649 2600 1169 2678 innouabimus
1229 2602 1371 2678 sibi
1439 2602 1560 2676 illa
1601 2601 2056 2694 iuramenta,
2145 2627 2348 2703 quae

164 2714 369 2783 nostri
400 2709 1022 2787 praedecessores
1063 2707 1414 2784 Romanis
1447 2706 1924 2785 Pontificibus
1963 2708 2344 2813 praestite-

164 2831 343 2889 runt.
394 2812 763 2917 Istudque
810 2813 1250 2901 adiecimus,
1306 2816 1512 2916 quod
1553 2815 1795 2918 ipsum
1835 2815 2367 2891 manutenebi-·

164 2946 349 3019 mus,
405 2941 779 3027 quantum
826 2946 996 2996 cum
1031 2925 1221 2997 ,Deo
1272 2922 1716 3024 poterimus,
1795 2922 2151 3023 quoniam
2205 2947 2345 2998 nos

162 3038 727 3131 vsque‘quaque
759 3025 850 3123 ad
882 3016 1018 3102 alia
1054 3029 1373 3130 obligari
1417 3053 1568 3100 non
1628 3029 2099 3128 permisimus
2126 3083 2147 3122 ‚
2204 3051 2346 3104 nec

163 3141 673 3233 permittimus.
735 3136 823 3213 Et
855 3134 1047 3209 haec·
1082 3136 1355 3210 vestris
1406 3132 1984 3225 paternitatibus.
2015 3134 2186 3210 ideo
2221 3133 2360 3209 de-;

160 3244 569 3329 scribimus,
612 3261 694 3319 vt
727 3245 788 3318 si
830 3241 1097 3346 aliquis
1136 3243 1322 3317 hanc
1359 3236 1839 3319 concordiam
1886 3244 2177 3319 sinistre
2212 3240 2345 3314 ini-

161 3366 296 3422 tam
350 3350 660 3426 forsitan
714 3351 1186 3451 interpretari
1254 3349 1517 3439 vellet,
1573 3344 1758 3420 illud
1812 3377 1854 3424 a
1907 3352 2162 3424 vestris
2202 3349 2343 3422 Pa-

163 3456 625 3533 tet-nitatibus
661 3482 813 3532 non
855 3457 1237 3531 credatur:
1296 3455 1657 3558 quoniam
1697 3448 1879 3529 haec
1941 3452 2346 3533 concordia

160 3558 363 3636 bonis
401 3560 866 3662 respectibus
894 3560 1271 3653 fictaest,
1308 3559 1799 3662 dispositique
1834 3586 2123 3651 sumus,
2162 3584 2347 3639 sem·

158 3694 284 3768 per
319 3673 459 3770 ipsi
504 3669 849 3746 Concilio
886 3672 1087 3745 iuxta
1124 3668 1411 3743 bullam
1449 3694 1585 3768 per
1630 3691 1766 3741 noa
1821 3666 2210 3761 traditam,
2266 3667 2344 3741 in
2391 3706 2396 3711 -

159 3777 1064 3874 prosecutioneillorum,
1118 3803 1267 3877 pro
1302 3773 1574 3876 quibus
1603 3775 1784 3875 ,ipsa
1832 3768 2180 3874 Synodus
2234 3789 2345 3848 est

162 3901 643 3985 congregata,
702 3881 1315 3983 plenarie-fauere
1344 3899 1421 3957 et
1460 3897 1883 3957 constanter
1920 3878 2374 3956 adhaerete·

162 3983 677 4064 certificantes:
699 4013 877 4076 vos,
935 3984 1143 4090 quod
1192 3990 1332 4063 nisi
1386 3989 1736 4063 sanctitas
1780 4011 1909 4062 sua
1959 3982 2200 4090 saepe?
2230 3985 2342 4061 di·

160 4094 815 4171 ctum-Concilium
866 4091 1387 4199 approbasset,
1481 4089 2010 4169 indubie-‘sine
2062 4095 2340 4171 nostris

157 4205 684 4305 coronissquas
721 4218 1032 4305 propter
1070 4202 1283 4276 facta.
1306 4199 1536 4308 ipsius
1582 4199 1882 4277 concilii
1915 4216 2119 4321 tanto
2159 4217 2337 4276 tem-
