2926 4849
667 481 824 557 ³³4

559 689 904 796 ponenda
941 677 1052 768 est
1100 687 1339 765 Janua
1360 744 1385 785 ,
1439 684 1836 766 dimittet
1813 715 1892 796 m
1932 685 2301 767 manibus
2340 691 2615 783 Ducis,
2671 707 2762 769 et

558 797 769 902 quod
807 798 1052 874 eidem·
1086 783 1334 902 regiae
1374 792 1794 889 maiestati,
1848 795 1907 870 si
1953 794 2378 874 decreuerit
2409 824 2550 904 per
2576 787 2750 874 ma—

559 933 646 982 re
693 906 786 980 ad
820 904 1138 981 Romam
1177 902 1511 1012 transire
1530 902 1909 979 tenebitur
1947 901 2123 978 dare
2172 920 2273 978 et
2289 903 2554 983 dabit
2530 933 2608 981 ln
2645 906 2755 981 ef·

560 1009 762 1088 fectu
788 1012 1208 1117 passagium
1241 1001 1580 1104 nauium,
1636 1026 1711 1085 et
1757 1010 2130 1110 galearum
2171 1010 2264 1087 de
2297 1015 2566 1095 huna,
2622 1013 2755 1088 vel

561 1119 656 1195 de
700 1118 997 1194 Sauona
1021 1166 1046 1210 ‚
1101 1117 1198 1191 ad
1219 1118 1545 1192 Romam
1588 1141 1758 1191 cum
1774 1115 2179 1228 Comitiua
2206 1139 2332 1194 sua
2371 1118 2753 1194 reducen—

560 1225 690 1301 di
669 1254 742 1299 ιη
783 1241 988 1302 tanto
1015 1243 1354 1307 numero,
1390 1239 1614 1327 prout
1643 1215 2029 1301 necessitas
2042 1213 2389 1326 requiret
2403 1243 2476 1301 et
2502 1223 2590 1300 ad
2630 1252 2751 1303 se-

561 1335 953 1409 curitatem
1018 1321 1436 1408 huiusmodi
1501 1333 1852 1405 transitus
1916 1333 2274 1435 expedire
2333 1332 2747 1428 videbitur,

561 1429 1214 1544 quandocunque
1195 1464 1307 1512 ire
1335 1427 1700 1530 voluerit,
1732 1432 1908 1512 dicti
1950 1438 2247 1515 Domini
2285 1440 2511 1516 Ducis
2551 1463 2755 1516 sum—

561 1545 836 1651 ptibus
855 1563 946 1620 et
970 1547 1352 1642 expensis3
1408 1546 1483 1617 in
1535 1535 1725 1620 casu
1771 1539 1950 1619 vero'
2005 1569 2159 1647 quo
2198 1573 2371 1621 sua
2402 1544 2749 1623 Maiestas

560 1679 701 1758 per
730 1670 1009 1728 terram
1039 1651 1488 1726 deiibera‘ret
1509 1645 1844 1743 transire,
1876 1671 2150 1731 extunc
2179 1654 2543 1727 Dominus
2572 1656 2746 1729 Dux

559 1784 731 1834 suae
779 1755 1138 1834 Maiestati
1180 1759 1412 1832 etiam
1438 1757 1532 1832 de
1572 1757 1911 1859 gentibus
1950 1760 2259 1835 Domini
2287 1759 2517 1834 Ducis
2556 1786 2744 1863 pro-

561 1866 863 1971 uidere,
918 1885 997 1941 et
1032 1890 1210 1938 eam
1236 1842 1660 1939 conducere
1693 1861 2055 1956 debebit,
2104 1882 2178 1941 et
2217 1863 2574 1944 reducere
2611 1868 2748 1941 ite·

562 1998 794 2096 rum,
825 1961 1429 2077 quandocunque
1468 1969 1610 2046 sibi
1648 1969 2010 2073 placuerit
2046 1971 2220 2047 dicti
2258 1974 2549 2047 Domini
2594 1974 2746 2047 Du·

564 2081 670 2156 cis
710 2076 1119 2183 sumptibus
1161 2094 1238 2153 et
1273 2081 1657 2201 espensisae
1698 2077 1884 2152 Item
1916 2078 2333 2183 praedictus
2369 2078 2744 2155 Procura—

558 2205 728 2281 tor,
745 2205 864 2262 vt
900 2210 1159 2287 supra,
1216 2188 1551 2288 promisit
1585 2199 1681 2258 et
1709 2185 2145 2289 spopondit,
2176 2185 2407 2288 quod
2472 2188 2746 2264 Domi—

559 2320 697 2369 nus
733 2295 899 2368 Rex
930 2292 1021 2365 ad
1066 2311 1324 2366 manus
1370 2292 1697 2394 praesnti
1730 2290 2013 2366 domini
2050 2294 2295 2370 nostri
2335 2295 2567 2397 Regis
2602 2294 2744 2369 da·-

559 2401 677 2476 bit
722 2418 796 2475 et
840 2397 1234 2498 assignabit
1294 2399 1669 2474 ciuitatem
1732 2397 2169 2496 Astensem‚
2224 2415 2389 2476 cum
2441 2401 2744 2475 fortali-

561 2509 681 2584 tiis
715 2523 791 2580 et
813 2508 1276 2609 pertinentiis
1312 2508 1461 2580 suis
1484 2507 1563 2581 in
1600 2496 1937 2584 manibus
1977 2510 2276 2583 Domini
2312 2509 2533 2584 Ducis
2571 2513 2740 2584 exi-

558 2612 925 2691 stentibus
963 2624 1105 2713 pro
1148 2614 1527 2688 mansione
1559 2639 1644 2687 ac
1671 2611 1842 2720 sede
1886 2628 2041 2717 sua
2067 2613 2340 2691 ibidem
2385 2615 2744 2691 firmanda

559 2739 637 2797 et
693 2739 1083 2822 postquam
1118 2720 1329 2824 1egia
1354 2716 1696 2795 Maiestas
1740 2738 2029 2799 montes
2057 2714 2435 2825 attigerit,
2491 2742 2569 2800 et
2613 2726 2744 2798 in·-

557 2844 803 2921 trare‚
858 2850 945 2900 ac
981 2814 1404 2929 praefatam
1437 2827 1827 2903 Ciuitatem
1873 2852 2044 2904 cum
2100 2831 2634 2934 pertinentiis,·
2660 2848 2745 2907 vt

556 2936 1099 3042 praemittitur,
1180 2933 1509 3013 habitare
1553 2922 1914 3025 voluerit,
1993 2938 2198 3038 quod
2250 2965 2343 3013 ex
2396 2955 2575 3014 tunc
2632 2934 2745 3011 illi

557 3044 678 3118 vel
723 3040 902 3131 illis,
964 3067 1155 3143 quos
1185 3043 1667 3167 praemittere
1703 3040 2165 3137 decreuerit,
2227 3046 2453 3147 ipsam
2521 3040 2745 3120 Ciui-

557 3165 775 3225 tatem
817 3174 986 3223 cum
1028 3150 1493 3251 pertinentiis
1536 3147 1631 3222 ad
1662 3172 1916 3224 manus
1950 3176 2123 3226 suae
2159 3152 2551 3226 Maiestatis
2599 3170 2743 3227 tra·

556 3256 686 3331 det
718 3273 790 3330 et
812 3253 997 3331 tradi
1022 3256 1236 3333 faciet
1257 3284 1348 3334 eo
1370 3256 1739 3348 adiunctO,
1774 3257 1974 3360 quod
1996 3257 2377 3333 castellani
2397 3283 2568 3332 suae
2588 3259 2748 3332 Ma-

556 3362 833 3439 iestatis
867 3364 1190 3436 Domino
1231 3364 1423 3441 Duci
1457 3365 1701 3437 iurent
1741 3389 1828 3437 ac
1871 3367 2352 3468 promittant,
2385 3363 2595 3469 quod
2631 3391 2748 3439 ca-

555 3496 642 3547 su
678 3470 1074 3573 eueniente
1112 3472 1409 3548 sinistro
1433 3527 1454 3565 ‚
1496 3492 1725 3571 quem
1770 3470 1967 3546 Deus
2005 3490 2329 3564 auertat,
2364 3475 2594 3575 ipsam
2640 3472 2747 3546 ci-

553 3579 859 3653 uitatem
900 3592 974 3650 et
997 3575 1354 3654 fortalitia
1377 3576 1471 3652 ad
1501 3600 1759 3651 manus
1789 3579 2092 3653 Domini
2125 3582 2345 3656 Ducis
2373 3580 2752 3680 resignent

554 3700 632 3773 et
684 3703 1072 3788 postquam
1118 3711 1247 3758 sua
1282 3687 1626 3761 Maiestas
1658 3682 1892 3758 exibit
1921 3684 2198 3761 Italiam
2224 3743 2245 3781 ‚
2299 3684 2420 3760 illa
2451 3687 2753 3761 relassa-

552 3789 667 3866 bit
710 3807 1069 3917 et·ponet
1118 3789 1208 3866 ad
1263 3819 1520 3868 manus
1563 3793 1861 3866 Domini
1918 3794 2136 3868 Ducis
2196 3797 2270 3868 in
2326 3792 2460 3868 ino·
2515 3810 2747 3881 statu,

554 3915 633 3973 vt
669 3901 999 4002 accepit,
1057 3900 1339 4000 absque
1381 3897 1585 3975 dolo.
1645 3900 1832 3973 Item
1889 3901 2319 4002 praedictus
2374 3899 2755 3974 Procura-

552 4020 720 4100 tor,
777 4022 856 4080 vt
898 4033 1163 4109 supra,
1220 4007 1599 4112 promisit
1628 4025 1705 4082 et
1754 4006 2198 4139 spopondit,
2254 4006 2458 4109 quod
2514 4030 2752 4110 prae-

549 4107 702 4191 fato
744 4109 1239 4190 serenissimo
1277 4116 1437 4220 regi
1473 4115 1603 4192 ino
1640 4114 1823 4208 die,
1862 4139 2016 4216 quo
2070 4114 2352 4190 Italiam
2402 4114 2749 4189 intraue-

549 4219 694 4311 rit‚
751 4237 828 4298 et
861 4220 1155 4300 tandem
1194 4224 1399 4298 omni
1429 4245 1730 4304 mense.
1744 4216 2125 4325 quinque
2153 4218 2376 4298 millia
2418 4218 2747 4351 ducato·-
