2926 4849
684 494 831 572 1'96

573 701 866 789 cumbit'
924 710 1336 796 collationi,
1394 707 1777 805 dedimuS,
1833 709 2275 785 domuimus
2323 726 2401 786 et
2438 711 2778 788 contuli-

569 840 781 909 muS,
850 820 1006 893 imo
1077 820 1394 912 damus,
1450 818 1853 908 donamus,
1910 833 1986 890 et
2044 816 2541 911 conferimus,
2596 821 2775 897 iure

570 943 941 1032 perpetuo
994 942 1070 1000 et
1146 925 1745 1001 irreuocubiiiter
1799 922 2188 1016 tenendas,
2248 924 2773 1026 possidendas,

565 1037 847 1139 pariter
881 1052 957 1108 et
990 1029 1379 1108 habendas.
1436 1029 1660 1107 Saluo
1701 1032 1858 1105 iure
1900 1029 2162 1104 alieno.
2218 1034 2774 1109 Assummimus

565 1138 1039 1217 'nibilominus
1101 1158 1399 1230 nostro,
1473 1144 1548 1214 et
1594 1160 2100 1212 successorum
2158 1158 2585 1216 nostrorum
2638 1166 2773 1216 re·-

568 1273 783 1351 gum‚
865 1263 1161 1350 inputa,
1220 1247 1634 1346 Hungariae
1698 1243 2175 1335 nominibus,
2234 1247 2535 1321 eosdem
2606 1249 2770 1323 Do—

565 1356 810 1429 minos
857 1355 1153 1427 Petrum
1194 1372 1269 1427 et
1303 1352 1691 1427 Simonem
1741 1350 2168 1454 Episcopos,
2228 1378 2314 1427 nc
2354 1372 2765 1457 vtrumque

567 1457 1027 1563 Stephanum
1100 1477 1177 1536 et
1219 1540 1222 1545 .
1261 1461 1671 1561 Georgium
1747 1459 2069 1533 Comites
2099 1454 2135 1552 ,'
2224 1460 2768 1563 ipsorumque,

560 1568 955 1667 vtriusque
993 1565 1344 1669 Stephani
1382 1582 1461 1641 et
1497 1564 1802 1669 Georgii
1840 1590 2301 1641 successores
2325 1622 2345 1660 ‚
2403 1585 2479 1642 et
2518 1586 2769 1670 poste-

559 1673 816 1748 ritates
847 1676 919 1746 in
960 1673 1294 1749 dominio
1349 1674 1711 1748 dictarum
1758 1673 2299 1770 possessionum
2336 1676 2420 1748 T.
2459 1674 2545 1748 T.
2584 1680 2769 1749 cona

558 1795 672 1855 tra
707 1779 1081 1882 quoslibet
1117 1779 1570 1870 causidicos,
1625 1796 1704 1853 et
1748 1795 2056 1863 actores,
2112 1779 2397 1881 vbique
2438 1780 2637 1856 intra
2680 1799 2764 1858 et

557 1904 770 1984 extra
807 1886 1169 1963 iudicium
1228 1904 1630 1992 protegere
1659 1941 1680 1978 ,
1733 1888 1928 1961 tueri
1969 1903 2044 1960 et
2089 1883 2522 1983 defensare,
2575 1913 2761 1992 pro-

555 1994 742 2095 priis
781 1998 1092 2085 nostris,
1152 2012 1227 2070 et
1269 1990 1707 2068 eorumdem
1754 2016 2276 2067 successorum
2320 2012 2761 2071 nostrorum

555 2099 962 2195 laboribus,
1016 2100 1578 2204 sumptibusque
1618 2118 1692 2175 et
1732 2100 2113 2202 expensis,
2169 2096 2430 2174 harum
2474 2119 2765 2177 nostra·

556 2234 727 2283 rum
772 2208 1028 2309 vigore
1077 2225 1153 2282 et
1191 2206 1612 2282 testimonio
1655 2207 2036 2282 literarum
2074 2204 2482 2299 mediante,
2544 2235 2757 2312 quas,

559 2312 738 2388 dum
788 2314 1000 2389 nobis
1050 2316 1120 2386 in
1160 2316 1407 2417 specie
1459 2313 1735 2386 suerint
1784 2329 2253 2417 reportatae,
2310 2316 2384 2387 in
2430 2315 2759 2392 formam.

552 2422 789 2498 nostri
824 2422 1194 2525 priuilegy
1227 2417 1466 2522 redigi
1503 2419 1878 2496 faciemus.
1973 2422 2242 2494 Datum
2286 2423 2576 2497 Poso'nii
2630 2448 2756 2498 so·

553 2527 801 2605 cundo
850 2527 965 2628 die
1014 2526 1176 2601 sesti
1214 2523 1612 2601 Beatorum
1648 2527 1944 2601 Fabiani
1993 2546 2070 2602 et
2107 2525 2519 2604 Sebastiani
2554 2529 2750 2604 Mar·

550 2647 824 2736 tyrum.
881 2637 1098 2710 Anno
1137 2634 1440 2708 Domini
1501 2631 2089 2709 MCCCCXXX.
2138 2636 2580 2739 Regnorum
2615 2664 2751 2712 no-

539 2755 870 2816 strorum
928 2739 1348 2843 Hungariae
1406 2760 1547 2815 etc.
1603 2766 1801 2818 anno
1868 2743 2137 2817 XLIII.
2219 2744 2750 2819 Romanorum

550 2848 732 2924 XX.
769 2865 846 2924 et.
894 2845 1285 2922 Bohcmiae
1320 2849 1468 2921 X.“
1525 2848 1605 2921 L.
1655 2846 1731 2922 S.

636 2980 727 3040 Ex
761 2975 1018 3042 archiuo
1051 2974 1371 3041 camerali.

1545 3144 1647 3220 L1
1660 3145 1746 3219 V.

552 3292 704 3347 Idem
742 3292 1133 3365 Sigismndus
1169 3295 1399 3348 ciuitati
1430 3297 1637 3349 Poson.
1674 3310 1841 3363 super
1871 3295 2000 3348 iure
2032 3297 2313 3349 cudendae
2342 3310 2591 3352 monmu
2625 3302 2746 3353 mi-

737 3387 906 3468 lnon's
945 3400 1239 3457 argenteae
1259 3423 1274 3452 ,
1323 3404 1394 3439 ac
1445 3386 1680 3439 camera
1725 3393 2037 3440 monetaria
2085 3403 2269 3441 erecta
2285 3428 2305 3454 ,
2373 3389 2751 3462 priuilegium

744 3480 1016 3552 largitur.
1054 3481 1124 3535 A.
1161 3479 1323 3538 1430.

752 3570 907 3667 Nos
953 3586 1459 3694 sigismundus
1502 3589 1643 3663 Dei
1688 3590 1941 3666 Gratia
2003 3592 2513 3674 Romanorum
2570 3599 2751 3671 Rex
2792 3683 2805 3692 ⁶

553 3722 851 3801 semper
887 3701 1303 3802 AugustuS,
1359 3721 1445 3770 ac
1478 3695 1906 3796 Hungariae
1929 3755 1952 3793 ‚
1980 3700 2377 3776 Bohemiae
2399 3755 2419 3787 ‚
2453 3704 2750 3778 Dalma-

556 3805 744 3899 tiae,
801 3805 1159 3897 croatiae,
1215 3822 1353 3882 etc.
1410 3801 1602 3877 Rex.
1662 3803 2070 3880 Memoriae
2111 3809 2746 3906 commendamus,
2798 3899 2805 3905 .

552 3927 819 3987 tenore
840 3914 1340 4016 piaesentium
1382 3907 1909 4012 significantes,
1945 3910 2217 4015 quibus
2251 3903 2554 4017 expedit
2586 3921 2745 3992 vni-

553 4020 793 4093 uersis
817 4074 839 4112 ‚
895 4021 1102 4120 quod
1140 4040 1273 4095 nos
1314 4014 1674 4093 habentes
1705 4018 2037 4093 debitum
2073 4040 2496 4125 respectum
2536 4023 2630 4098 ad
2658 4023 2743 4098 fi·
2834 4033 2837 4038 '

548 4123 671 4200 dei
703 4122 1163 4220 firmitatem,
1220 4145 1296 4202 et
1332 4142 1793 4202 constantem
1827 4122 2256 4203 fidelitatem
2273 4181 2300 4216 ,
2356 4155 2739 4233 sagacem-

543 4258 696 4337 que
732 4231 1518 4338 procurationem‚‘ac
1554 4230 1978 4334 diligentem
2023 4251 2095 4309 et
2129 4235 2499 4318 assiduam
2540 4239 2737 4315 soli-
