2926 4849
2118 495 2271 566 305

195 683 477 795 vliique
515 696 590 769 in
625 695 834 797 sylua
871 695 1080 797 nigra
1115 709 1194 771 et
1233 687 1454 772 ctiam
1494 695 1571 770 in
1617 696 1776 773 aliis
1814 689 2160 778 omnibus
2214 701 2377 803 syl-

201 801 360 894 uis,
441 810 582 877 n'ec
623 827 772 875 non
812 800 1235 877 nemoribus
1259 856 1281 895 ,
1335 827 1570 907 vsque
1603 805 1695 880 ad
1736 809 1874 881 tria
1924 806 2258 886 milliaria
2291 835 2376 886 se

201 907 819 1005 extendentibus,
870 912 976 985 vti
1012 910 1153 1014 ipsi
1193 931 1489 1012 semper
1541 938 1741 987 nunc
1793 931 1870 988 et
1916 912 2010 989 ab
2062 916 2376 1013 antiquo

194 1039 338 1118 per
373 1007 589 1106 'diuos
624 1040 837 1119 reges
870 1033 942 1090 et
979 1012 1396 1118 specialiter
1442 1015 1850 1100 secundum
1906 1037 2241 1098 tenorem
2290 1022 2377 1096 li·-

193 1139 517 1195 terarum
559 1119 1149 1199 donacionalium
1185 1120 1799 1199 Excellentissimi
1849 1125 2209 1232 Principis
2247 1127 2378 1202 do·
2442 1135 2443 1138 ’

187 1228 370 1306 mini
415 1228 786 1306 Ludouici
819 1229 1012 1330 regis
1045 1219 1468 1330 Hungarie‚
1525 1226 1757 1305 felicis
1792 1231 2377 1329 recordacionis,

196 1335 300 1408 eis
327 1334 646 1437 gratiose
690 1336 1026 1412 datarum
1073 1335 1182 1411 vsi
1209 1390 1232 1429 ,
1287 1337 1474 1411 tenti
1528 1354 1605 1413 et
1652 1340 1961 1441 possessi
2006 1340 2377 1433 fuissent,

191 1440 456 1516 eodem
513 1438 742 1518 modo
802 1446 990 1518 sicut
1050 1451 1268 1517 tenor
1319 1444 1943 1549 praescriptarum
2002 1443 2437 1531 literarum„

197 1551 575 1641 continet,
656 1550 819 1648 vti,
896 1547 1282 1652 possidere
1350 1565 1423 1623 et
1489 1548 1685 1638 frui,
1757 1574 2007 1625 coram
2077 1552 2252 1656 ipsis
2302 1569 2379 1628 et

191 1657 443 1730 nostro
476 1654 905 1731 testimonio
928 1654 1509 1731 commisissent.
1566 1657 1655 1732 In
1694 1681 1859 1732 casu
1891 1675 2179 1752 autem,
2219 1684 2376 1758 quo

185 1760 518 1864 prefatus
557 1759 967 1839 Sandrinus
1007 1778 1086 1837 et
1124 1762 1491 1865 Georgius
1521 1760 1601 1837 in
1641 1760 1969 1866 dominio
2008 1764 2378 1869 predicta-

189 1893 355 1952 rum
411 1870 743 1960 omnium
799 1868 1181 1968 syiuarum
1220 1885 1312 1973 ‚et
1357 1894 1802 1964 nemorum,
1858 1887 1940 1951 vt
1991 1866 2372 1975 prefetur,

187 2001 425 2076 Vsque
479 1976 707 2056 vitam
780 1975 1217 2051 eorumdem
1265 1974 1597 2079 prefatos
1649 1973 1873 2050 Ciues
1930 2002 2377 2055 conseruare

196 2084 522 2174 nollent,
573 2085 694 2158 vel
727 2110 878 2161 non
919 2099 1305 2177 curarent,
1338 2079 1644 2158 eisdem
1677 2095 1754 2156 et
1788 2080 1882 2159 ad
1913 2083 2115 2187 ipsos
2151 2087 2379 2183 perti-

187 2187 537 2264 nentibus
556 2189 801 2294 aliqua
831 2186 1148 2291 dampna
1189 2204 1263 2264 et
1287 2202 1733 2265 nocumenta
1766 2189 2202 2291 impendere
2228 2192 2379 2266 vel-

186 2294 380 2389 lent,
440 2297 561 2370 vel
594 2292 926 2414 impendi
962 2294 1210 2372 facere
1251 2297 1707 2404 niterentur,
1765 2310 1842 2368 et
1885 2289 2023 2371 hec
2055 2299 2199 2370 iam
2238 2297 2373 2374 sati

189 2404 404 2480 Ciues
439 2419 517 2479 et
551 2401 1049 2483 Monthaniste
1084 2428 1252 2477 cum
1292 2401 1523 2478 tribus
1568 2401 1802 2502 literis
1861 2399 2371 2507 inquisitiona-

183 2509 377 2585 libus
406 2566 428 2603 ,
485 2538 623 2586 vna
659 2511 1004 2587 videlicet
1039 2510 1227 2585 Vice
1258 2509 1564 2584 Comitis
1614 2527 1690 2585 et
1735 2509 2082 2605 Judicum
2129 2509 2195 2584 N
2205 2507 2373 2585 obi-'

184 2615 365 2691 lium
418 2618 822 2693 Comitatus
860 2616 1327 2692 Zathmaren.
1383 2633 1458 2692 et
1497 2614 1783 2692 duabus
1849 2615 2160 2693 duorum
2224 2616 2366 2690 Ca-

181 2724 596 2826 pitulorum
632 2727 749 2800 vel
787 2724 1309 2801 Conuentuum
1349 2749 1987 2828 quorumcunque⁴
2028 2726 2146 2801 vel
2202 2725 2362 2803 aliis

187 2829 656 2906 euidentibus
694 2829 1145 2907 documentis
1178 2829 1670 2931 comprobare
1711 2847 2049 2931 possent3
2085 2849 2358 2907 extunc
2396 2870 2403 2875 ·

186 2934 368 3013 dicti
408 2934 817 3015 Sandrinus
851 2955 926 3014 et
965 2937 1334 3039 Georgius
1384 2936 1458 3009 in
1517 2936 1712 3013 facto
1771 2939 2113 3038 potencie
2164 2963 2358 3025 con-

182 3045 666 3119 uincerentur
707 3071 800 3122 eo
833 3045 1067 3137 facto;
1120 3041 1388 3144 prefati
1415 3060 1660 3119 autem
1708 3042 1929 3118 Ciues
1971 3034 2216 3121 omnia
2252 3038 2355 3116 fa·

176 3169 300 3226 cta
333 3151 824 3254 persequendi
858 3148 1215 3225 haberent
1248 3145 1688 3225 facultatem.
1746 3147 1827 3225 Si
1872 3175 2052 3225 vero
2113 3144 2353 3252 (quod
2468 3204 2473 3210 -

178 3258 410 3350 absit)
444 3257 670 3362 aliqui
714 3256 1109 3335 familiares
1164 3281 1299 3330 seu
1366 3254 1824 3361 iobagyones
1885 3253 2347 3360 prefatorum

175 3362 534 3440 Sandrini
564 3367 682 3442 vel
724 3364 1078 3466 Georgii,
1129 3366 1324 3469 ipsos
1366 3362 1586 3453 Ciues
1643 3383 1718 3440 et
1770 3362 2351 3456 MonthanistaS,
2410 3372 2415 3375 ’
2464 3459 2472 3466 q

171 3470 262 3544 ad
309 3473 661 3577 ipsosque
698 3472 1156 3575 pertinentes
1179 3527 1202 3566 ,
1244 3473 1317 3543 in
1356 3471 1502 3545 iam
1544 3468 1706 3545 fatis
1737 3471 1936 3553 siluis
1969 3488 2041 3545 et
2075 3497 2344 3563 nemo-
2412 3562 2415 3563 7

173 3576 382 3653 ribus
416 3579 888 3682 impedirent,
927 3605 1103 3654 mox
1131 3596 1206 3654 et
1235 3578 1312 3651 in·
1350 3578 1751 3654 continenti
1785 3578 1925 3680 ipsi
1963 3576 2009 3648 J
2013 3572 2342 3651 udicium
2458 3578 2465 3583 ’

170 3702 246 3760 et
290 3687 635 3762 iustitiam
677 3687 1168 3791 plenissimam
1212 3711 1305 3760 ex
1341 3701 1549 3789 parte
1591 3682 2020 3761 eorumdem
2066 3680 2342 3757 eisdem

171 3791 430 3867 facere
468 3810 542 3867 el:
578 3794 1006 3898 impendere
1042 3810 1490 3868 tenerentur.
1547 3788 1609 3866 E
1670 3814 2038 3867 conuerso
2095 3809 2337 3864 autem
2408 3826 2432 3851 π

168 3900 475 3974 antelati
511 3900 730 3976 Ciues
771 3919 847 3976 et
886 3899 1422 3991 Monthaniste‚
1481 3902 1809 4002 exceptis
1845 3894 2084 3986 faetiS,
2143 3895 2338 3970 damss

165 4006 532 4107 pnisque,
588 4024 668 4083 et
699 4010 927 4082 causis
967 4007 1228 4109 prefati
1269 4000 1573 4077 Domini
1616 4004 1850 4080 nostri
1887 4001 2337 4104 Sigismun'di

160 4115 399 4215 Regis
449 4139 536 4188 ac
593 4114 891 4190 Illustris
958 4114 1262 4215 Georgii
1319 4111 1667 4213 Despoti,
1740 4112 1971 4185 Ducis
2034 4110 2338 4207 Rascie‚

161 4220 478 4295 Domini
530 4222 862 4321 ipsorum
907 4222 1299 4308 naturalis,
1361 4219 1730 4297 Vniuersas
1774 4220 2103 4322 ipsorum
2170 4246 2343 4325 pro-

155 4352 226 4431 5„
275 4329 490 4405 Tom.
527 4330 632 4407 X.
655 4328 825 4406 Vol.
863 4328 1024 4408 vu.
1866 4332 1970 4411 20
