<?xml version="1.0" encoding="UTF-8"?>
<!DOCTYPE html PUBLIC "-//W3C//DTD XHTML 1.0 Transitional//EN"
    "http://www.w3.org/TR/xhtml1/DTD/xhtml1-transitional.dtd">
<html xmlns="http://www.w3.org/1999/xhtml" xml:lang="en" lang="en">
 <head>
  <title>
</title>
<meta http-equiv="Content-Type" content="text/html;charset=utf-8" />
  <meta name='ocr-system' content='tesseract 3.04.00' />
  <meta name='ocr-capabilities' content='ocr_page ocr_carea ocr_par ocr_line ocrx_word'/>
</head>
<body>
  <div class='ocr_page' id='page_1' title='image "./codexdiplomatic00fejgoog_0782.png"; bbox 0 0 2926 4849; ppageno 0'>
   <div class='ocr_carea' id='block_1_1' title="bbox 730 513 877 587">
    <p class='ocr_par' dir='ltr' id='par_1_1' title="bbox 730 513 877 587">
     <span class='ocr_line' id='line_1_1' title="bbox 730 513 877 587; baseline -0.02 0"><span class='ocrx_word' id='word_1_1' title='bbox 730 513 877 587; x_wconf 77' lang='lat'><strong>702</strong></span> 
     </span>
    </p>
   </div>
   <div class='ocr_carea' id='block_1_2' title="bbox 591 710 2806 1569">
    <p class='ocr_par' dir='ltr' id='par_1_2' title="bbox 591 710 2806 1569">
     <span class='ocr_line' id='line_1_2' title="bbox 591 710 2806 823; baseline -0.005 -22"><span class='ocrx_word' id='word_1_2' title='bbox 591 787 637 823; x_wconf 29' lang='lat'><strong>¹.</strong></span> <span class='ocrx_word' id='word_1_3' title='bbox 791 718 1114 800; x_wconf 80' lang='lat' dir='ltr'><strong>&#39;Carolus</strong></span> <span class='ocrx_word' id='word_1_4' title='bbox 1147 714 1304 819; x_wconf 77' lang='lat' dir='ltr'><strong>Deis</strong></span> <span class='ocrx_word' id='word_1_5' title='bbox 1337 717 1598 797; x_wconf 83' lang='lat' dir='ltr'><strong>Gratia</strong></span> <span class='ocrx_word' id='word_1_6' title='bbox 1623 715 2085 821; x_wconf 79' lang='lat' dir='ltr'><strong>Hungariae,</strong></span> <span class='ocrx_word' id='word_1_7' title='bbox 2114 710 2562 805; x_wconf 84' lang='lat' dir='ltr'><strong>Dalmatiae,</strong></span> <span class='ocrx_word' id='word_1_8' title='bbox 2620 712 2806 794; x_wconf 73' lang='lat' dir='ltr'><strong>Cro-</strong></span> 
     </span>
     <span class='ocr_line' id='line_1_3' title="bbox 607 820 2801 922; baseline -0.004 -17"><span class='ocrx_word' id='word_1_9' title='bbox 607 830 840 921; x_wconf 72' lang='lat' dir='ltr'><strong>atiae,</strong></span> <span class='ocrx_word' id='word_1_10' title='bbox 915 820 1249 922; x_wconf 66' lang='lat' dir='ltr'><strong>Ramae&#39;,</strong></span> <span class='ocrx_word' id='word_1_11' title='bbox 1342 822 1649 904; x_wconf 75' lang='lat' dir='ltr'><strong>Sei-viae</strong></span> <span class='ocrx_word' id='word_1_12' title='bbox 1668 832 1703 915; x_wconf 81' lang='lat'><strong>,&#39;</strong></span> <span class='ocrx_word' id='word_1_13' title='bbox 1773 823 2165 915; x_wconf 79' lang='lat' dir='ltr'><strong>Gallieiae,</strong></span> <span class='ocrx_word' id='word_1_14' title='bbox 2249 820 2759 897; x_wconf 61' lang='lat' dir='ltr'><strong>memet-iae</strong></span> <span class='ocrx_word' id='word_1_15' title='bbox 2779 877 2801 917; x_wconf 91' lang='lat'><strong>,</strong></span> 
     </span>
     <span class='ocr_line' id='line_1_4' title="bbox 606 925 2799 1038; baseline -0.004 -26"><span class='ocrx_word' id='word_1_16' title='bbox 606 933 1046 1030; x_wconf 83' lang='lat' dir='ltr'><strong>Cumaniae,</strong></span> <span class='ocrx_word' id='word_1_17' title='bbox 1114 933 1655 1038; x_wconf 84' lang='lat' dir='ltr'><strong>Bulgariaeque</strong></span> <span class='ocrx_word' id='word_1_18' title='bbox 1701 933 1894 1021; x_wconf 17' lang='lat' dir='ltr'><strong>*Rex</strong></span> <span class='ocrx_word' id='word_1_19' title='bbox 1928 987 1952 1027; x_wconf 92' lang='lat'><strong>,</strong></span> <span class='ocrx_word' id='word_1_20' title='bbox 2030 929 2379 1031; x_wconf 79' lang='lat' dir='ltr'>Princeps</span> <span class='ocrx_word' id='word_1_21' title='bbox 2462 925 2799 1005; x_wconf 83' lang='lat' dir='ltr'><strong>Salerni·</strong></span> 
     </span>
     <span class='ocr_line' id='line_1_5' title="bbox 603 1032 2791 1138; baseline -0.003 -21"><span class='ocrx_word' id='word_1_22' title='bbox 603 1056 864 1132; x_wconf 71' lang='lat' dir='ltr'><strong>tanus,</strong></span> <span class='ocrx_word' id='word_1_23' title='bbox 916 1067 1003 1117; x_wconf 87' lang='lat' dir='ltr'><strong>ae</strong></span> <span class='ocrx_word' id='word_1_24' title='bbox 1055 1038 1385 1116; x_wconf 79' lang='lat' dir='ltr'>Honoris</span> <span class='ocrx_word' id='word_1_25' title='bbox 1436 1039 1713 1115; x_wconf 87' lang='lat' dir='ltr'><strong>montis</strong></span> <span class='ocrx_word' id='word_1_26' title='bbox 1771 1036 2022 1113; x_wconf 79' lang='lat' dir='ltr'>Sancti</span> <span class='ocrx_word' id='word_1_27' title='bbox 2079 1032 2347 1138; x_wconf 79' lang='lat' dir='ltr'><strong>Angeli</strong></span> <span class='ocrx_word' id='word_1_28' title='bbox 2394 1033 2791 1135; x_wconf 82' lang='lat' dir='ltr'><strong>Dominus.</strong></span> 
     </span>
     <span class='ocr_line' id='line_1_6' title="bbox 604 1139 2793 1250; baseline -0.001 -30"><span class='ocrx_word' id='word_1_29' title='bbox 604 1146 972 1223; x_wconf 81' lang='lat' dir='ltr'>Omnibus</span> <span class='ocrx_word' id='word_1_30' title='bbox 1027 1144 1304 1223; x_wconf 75' lang='lat' dir='ltr'><strong>Christi</strong></span> <span class='ocrx_word' id='word_1_31' title='bbox 1361 1144 1735 1222; x_wconf 88' lang='lat' dir='ltr'><strong>Fidelibus</strong></span> <span class='ocrx_word' id='word_1_32' title='bbox 1776 1141 2285 1250; x_wconf 83' lang='lat' dir='ltr'><strong>praesentibus</strong></span> <span class='ocrx_word' id='word_1_33' title='bbox 2327 1139 2672 1245; x_wconf 85' lang='lat' dir='ltr'><strong>pariter,</strong></span> <span class='ocrx_word' id='word_1_34' title='bbox 2720 1158 2793 1218; x_wconf 77' lang='lat' dir='ltr'><strong>et</strong></span> 
     </span>
     <span class='ocr_line' id='line_1_7' title="bbox 599 1247 2786 1353; baseline -0.002 -26"><span class='ocrx_word' id='word_1_35' title='bbox 599 1251 864 1346; x_wconf 69' lang='lat' dir='ltr'><strong>futuris</strong></span> <span class='ocrx_word' id='word_1_36' title='bbox 892 1309 914 1348; x_wconf 89' lang='lat'><strong>,</strong></span> <span class='ocrx_word' id='word_1_37' title='bbox 1037 1252 1481 1353; x_wconf 82' lang='lat' dir='ltr'><strong>raesentium</strong></span> <span class='ocrx_word' id='word_1_38' title='bbox 1530 1253 1865 1330; x_wconf 82' lang='lat' dir='ltr'>notitiam</span> <span class='ocrx_word' id='word_1_39' title='bbox 1906 1249 2257 1325; x_wconf 83' lang='lat' dir='ltr'><strong>habituris</strong></span> <span class='ocrx_word' id='word_1_40' title='bbox 2314 1247 2661 1325; x_wconf 75' lang='lat' dir='ltr'><strong>Salutem</strong></span> <span class='ocrx_word' id='word_1_41' title='bbox 2715 1249 2786 1323; x_wconf 82' lang='lat' dir='ltr'><strong>in</strong></span> 
     </span>
     <span class='ocr_line' id='line_1_8' title="bbox 601 1353 2787 1467; baseline -0.003 -30"><span class='ocrx_word' id='word_1_42' title='bbox 601 1362 934 1437; x_wconf 76' lang='lat' dir='ltr'><strong>omnium</strong></span> <span class='ocrx_word' id='word_1_43' title='bbox 1048 1358 1395 1436; x_wconf 75' lang='lat' dir='ltr'><strong>alvatere.</strong></span> <span class='ocrx_word' id='word_1_44' title='bbox 1447 1366 1452 1369; x_wconf 82' lang='grc'>’</span> <span class='ocrx_word' id='word_1_45' title='bbox 1494 1356 1711 1434; x_wconf 85' lang='lat' dir='ltr'><strong>Sicut</strong></span> <span class='ocrx_word' id='word_1_46' title='bbox 1764 1359 2069 1467; x_wconf 79' lang='lat' dir='ltr'>Regiam</span> <span class='ocrx_word' id='word_1_47' title='bbox 2128 1353 2344 1430; x_wconf 87' lang='lat' dir='ltr'><strong>decet</strong></span> <span class='ocrx_word' id='word_1_48' title='bbox 2390 1353 2787 1431; x_wconf 82' lang='lat' dir='ltr'><strong>Excellen-</strong></span> 
     </span>
     <span class='ocr_line' id='line_1_9' title="bbox 602 1457 2784 1569; baseline -0.002 -28"><span class='ocrx_word' id='word_1_49' title='bbox 602 1464 823 1561; x_wconf 84' lang='lat' dir='ltr'><strong>tiam,</strong></span> <span class='ocrx_word' id='word_1_50' title='bbox 876 1466 1310 1568; x_wconf 79' lang='lat' dir='ltr'><strong>unicuique·</strong></span> <span class='ocrx_word' id='word_1_51' title='bbox 1349 1492 1492 1569; x_wconf 83' lang='lat' dir='ltr'><strong>pro</strong></span> <span class='ocrx_word' id='word_1_52' title='bbox 1534 1464 1816 1541; x_wconf 83' lang='lat' dir='ltr'><strong>meritis</strong></span> <span class='ocrx_word' id='word_1_53' title='bbox 1870 1459 2239 1563; x_wconf 83' lang='lat' dir='ltr'><strong>condigna</strong></span> <span class='ocrx_word' id='word_1_54' title='bbox 2286 1457 2464 1536; x_wconf 84' lang='lat' dir='ltr'><strong>dare</strong></span> <span class='ocrx_word' id='word_1_55' title='bbox 2513 1458 2784 1536; x_wconf 77' lang='lat' dir='ltr'><strong>benefi-</strong></span> 
     </span>
    </p>
   </div>
   <div class='ocr_carea' id='block_1_3' title="bbox 453 1568 2783 1671">
    <p class='ocr_par' dir='ltr' id='par_1_3' title="bbox 453 1568 2783 1671">
     <span class='ocr_line' id='line_1_10' title="bbox 453 1568 2783 1671; baseline -0.001 -24"><span class='ocrx_word' id='word_1_56' title='bbox 453 1636 466 1647; x_wconf 84' lang='lat'><em>.</em></span> <span class='ocrx_word' id='word_1_57' title='bbox 587 1574 757 1655; x_wconf 54' lang='lat' dir='ltr'><strong>&#39;cim</strong></span> <span class='ocrx_word' id='word_1_58' title='bbox 811 1573 918 1649; x_wconf 76' lang='lat' dir='ltr'><strong>sie</strong></span> <span class='ocrx_word' id='word_1_59' title='bbox 959 1591 1034 1651; x_wconf 88' lang='lat' dir='ltr'><strong>et</strong></span> <span class='ocrx_word' id='word_1_60' title='bbox 1074 1600 1117 1647; x_wconf 89' lang='lat' dir='ltr'><strong>a</strong></span> <span class='ocrx_word' id='word_1_61' title='bbox 1157 1573 1304 1649; x_wconf 85' lang='lat' dir='ltr'><strong>suis</strong></span> <span class='ocrx_word' id='word_1_62' title='bbox 1347 1568 2047 1648; x_wconf 66' lang='lat' dir='ltr'><strong>praedecessoribus</strong></span> <span class='ocrx_word' id='word_1_63' title='bbox 2088 1573 2229 1644; x_wconf 86' lang='lat' dir='ltr'><strong>rite</strong></span> <span class='ocrx_word' id='word_1_64' title='bbox 2272 1570 2660 1671; x_wconf 78' lang='lat' dir='ltr'><strong>praestita,</strong></span> <span class='ocrx_word' id='word_1_65' title='bbox 2713 1584 2783 1645; x_wconf 82' lang='lat' dir='ltr'><strong>et</strong></span> 
     </span>
    </p>
   </div>
   <div class='ocr_carea' id='block_1_4' title="bbox 580 1672 2797 2954">
    <p class='ocr_par' dir='ltr' id='par_1_4' title="bbox 580 1672 2797 2954">
     <span class='ocr_line' id='line_1_11' title="bbox 594 1672 2781 1783; baseline -0.002 -30"><span class='ocrx_word' id='word_1_66' title='bbox 594 1688 738 1783; x_wconf 77' lang='lat' dir='ltr'><strong>per</strong></span> <span class='ocrx_word' id='word_1_67' title='bbox 771 1703 852 1755; x_wconf 81' lang='lat' dir='ltr'><strong>se</strong></span> <span class='ocrx_word' id='word_1_68' title='bbox 900 1698 1249 1755; x_wconf 80' lang='lat' dir='ltr'><strong>renovata</strong></span> <span class='ocrx_word' id='word_1_69' title='bbox 1283 1677 1511 1754; x_wconf 86' lang='lat' dir='ltr'><strong>debet</strong></span> <span class='ocrx_word' id='word_1_70' title='bbox 1545 1675 2022 1770; x_wconf 76' lang='lat' dir='ltr'><strong>confirmare,</strong></span> <span class='ocrx_word' id='word_1_71' title='bbox 2077 1693 2164 1752; x_wconf 90' lang='lat' dir='ltr'><strong>ut</strong></span> <span class='ocrx_word' id='word_1_72' title='bbox 2207 1673 2473 1750; x_wconf 86' lang='lat' dir='ltr'><strong>eadem</strong></span> <span class='ocrx_word' id='word_1_73' title='bbox 2521 1672 2781 1749; x_wconf 77' lang='lat' dir='ltr'><strong>futuris</strong></span> 
     </span>
     <span class='ocr_line' id='line_1_12' title="bbox 593 1778 2780 1889; baseline -0.002 -30"><span class='ocrx_word' id='word_1_74' title='bbox 593 1784 1059 1889; x_wconf 69' lang='lat' dir='ltr'><strong>temporibus</strong></span> <span class='ocrx_word' id='word_1_75' title='bbox 1131 1785 1515 1862; x_wconf 81' lang='lat' dir='ltr'><strong>obtineant</strong></span> <span class='ocrx_word' id='word_1_76' title='bbox 1568 1781 1965 1859; x_wconf 87' lang='lat' dir='ltr'><strong>immobilis</strong></span> <span class='ocrx_word' id='word_1_77' title='bbox 2012 1780 2621 1886; x_wconf 78' lang='lat' dir='ltr'><strong>perseverantiae</strong></span> <span class='ocrx_word' id='word_1_78' title='bbox 2670 1778 2780 1855; x_wconf 73' lang='lat' dir='ltr'><strong>fir-</strong></span> 
     </span>
     <span class='ocr_line' id='line_1_13' title="bbox 593 1886 2777 1975; baseline -0.002 -10"><span class='ocrx_word' id='word_1_79' title='bbox 593 1902 1090 1967; x_wconf 53' lang='lat' dir='ltr'><strong>mamentum.)</strong></span> <span class='ocrx_word' id='word_1_80' title='bbox 1178 1889 1505 1975; x_wconf 80' lang='lat' dir='ltr'><strong>Proinde</strong></span> <span class='ocrx_word' id='word_1_81' title='bbox 1555 1889 1648 1965; x_wconf 88' lang='lat' dir='ltr'><strong>ad</strong></span> <span class='ocrx_word' id='word_1_82' title='bbox 1699 1892 2214 1967; x_wconf 77' lang='lat' dir='ltr'><strong>vniuersorum</strong></span> <span class='ocrx_word' id='word_1_83' title='bbox 2266 1888 2607 1964; x_wconf 80' lang='lat' dir='ltr'><strong>notitiam</strong></span> <span class='ocrx_word' id='word_1_84' title='bbox 2660 1886 2777 1961; x_wconf 81' lang='lat' dir='ltr'><strong>ba·</strong></span> 
     </span>
     <span class='ocr_line' id='line_1_14' title="bbox 588 1992 2770 2103; baseline -0.003 -31"><span class='ocrx_word' id='word_1_85' title='bbox 588 2021 761 2072; x_wconf 83' lang='lat' dir='ltr'><strong>rum</strong></span> <span class='ocrx_word' id='word_1_86' title='bbox 804 2000 992 2073; x_wconf 83' lang='lat' dir='ltr'><strong>serie</strong></span> <span class='ocrx_word' id='word_1_87' title='bbox 1026 1997 1366 2074; x_wconf 81' lang='lat' dir='ltr'><strong>volumus</strong></span> <span class='ocrx_word' id='word_1_88' title='bbox 1400 1998 1829 2103; x_wconf 67' lang='lat' dir='ltr'><strong>pervenire:</strong></span> <span class='ocrx_word' id='word_1_89' title='bbox 1886 1992 2107 2086; x_wconf 75' lang='lat' dir='ltr'><strong>Qu‘od</strong></span> <span class='ocrx_word' id='word_1_90' title='bbox 2144 1994 2470 2086; x_wconf 81' lang='lat' dir='ltr'><strong>Jacobus</strong></span> <span class='ocrx_word' id='word_1_91' title='bbox 2507 1992 2770 2087; x_wconf 64' lang='lat' dir='ltr'><strong>suda,</strong></span> 
     </span>
     <span class='ocr_line' id='line_1_15' title="bbox 588 2098 2773 2182; baseline -0.001 -3"><span class='ocrx_word' id='word_1_92' title='bbox 588 2118 670 2179; x_wconf 86' lang='lat' dir='ltr'><strong>et</strong></span> <span class='ocrx_word' id='word_1_93' title='bbox 703 2104 1026 2182; x_wconf 77' lang='lat' dir='ltr'><strong>universi</strong></span> <span class='ocrx_word' id='word_1_94' title='bbox 1065 2102 1318 2180; x_wconf 87' lang='lat' dir='ltr'><strong>fideles</strong></span> <span class='ocrx_word' id='word_1_95' title='bbox 1359 2103 1594 2180; x_wconf 77' lang='lat' dir='ltr'><strong>Cives·</strong></span> <span class='ocrx_word' id='word_1_96' title='bbox 1615 2103 1850 2179; x_wconf 82' lang='lat' dir='ltr'><strong>nostri</strong></span> <span class='ocrx_word' id='word_1_97' title='bbox 1879 2103 1975 2179; x_wconf 87' lang='lat' dir='ltr'><strong>de</strong></span> <span class='ocrx_word' id='word_1_98' title='bbox 2006 2101 2321 2178; x_wconf 78' lang='lat' dir='ltr'><strong>Civitate</strong></span> <span class='ocrx_word' id='word_1_99' title='bbox 2351 2117 2605 2177; x_wconf 78' lang='lat' dir='ltr'><strong>nostra</strong></span> <span class='ocrx_word' id='word_1_100' title='bbox 2641 2098 2773 2177; x_wconf 83' lang='lat' dir='ltr'><strong>Po-</strong></span> 
     </span>
     <span class='ocr_line' id='line_1_16' title="bbox 588 2206 2777 2313; baseline -0 -27"><span class='ocrx_word' id='word_1_101' title='bbox 588 2211 959 2305; x_wconf 74' lang='lat' dir='ltr'><strong>seniensi,</strong></span> <span class='ocrx_word' id='word_1_102' title='bbox 1025 2213 1105 2287; x_wconf 88' lang='lat' dir='ltr'><strong>in</strong></span> <span class='ocrx_word' id='word_1_103' title='bbox 1159 2211 1418 2287; x_wconf 87' lang='lat' dir='ltr'><strong>eadem</strong></span> <span class='ocrx_word' id='word_1_104' title='bbox 1469 2210 1827 2306; x_wconf 77' lang='lat' dir='ltr'><strong>civitate,</strong></span> <span class='ocrx_word' id='word_1_105' title='bbox 1904 2206 2083 2285; x_wconf 85' lang='lat' dir='ltr'><strong>dum</strong></span> <span class='ocrx_word' id='word_1_106' title='bbox 2137 2209 2290 2313; x_wconf 85' lang='lat' dir='ltr'><strong>ipsa</strong></span> <span class='ocrx_word' id='word_1_107' title='bbox 2338 2235 2383 2283; x_wconf 77' lang='lat' dir='ltr'><strong>a</strong></span> <span class='ocrx_word' id='word_1_108' title='bbox 2439 2207 2777 2285; x_wconf 81' lang='lat' dir='ltr'><strong>Ducibus</strong></span> 
     </span>
     <span class='ocr_line' id='line_1_17' title="bbox 586 2311 2780 2419; baseline 0.001 -30"><span class='ocrx_word' id='word_1_109' title='bbox 586 2311 934 2394; x_wconf 78' lang='lat' dir='ltr'><strong>Austriae</strong></span> <span class='ocrx_word' id='word_1_110' title='bbox 979 2334 1054 2393; x_wconf 87' lang='lat' dir='ltr'><strong>et</strong></span> <span class='ocrx_word' id='word_1_111' title='bbox 1095 2315 1390 2419; x_wconf 80' lang='lat' dir='ltr'><strong>Styriae</strong></span> <span class='ocrx_word' id='word_1_112' title='bbox 1446 2317 1772 2394; x_wconf 90' lang='lat' dir='ltr'><strong>Domino</strong></span> <span class='ocrx_word' id='word_1_113' title='bbox 1811 2314 2271 2392; x_wconf 84' lang='lat' dir='ltr'><strong>concedente</strong></span> <span class='ocrx_word' id='word_1_114' title='bbox 2311 2342 2450 2419; x_wconf 86' lang='lat' dir='ltr'><strong>per</strong></span> <span class='ocrx_word' id='word_1_115' title='bbox 2490 2339 2639 2390; x_wconf 83' lang='lat' dir='ltr'><strong>nos</strong></span> <span class='ocrx_word' id='word_1_116' title='bbox 2672 2342 2780 2391; x_wconf 84' lang='lat' dir='ltr'><strong>re-</strong></span> 
     </span>
     <span class='ocr_line' id='line_1_18' title="bbox 586 2419 2797 2531; baseline -0.001 -33"><span class='ocrx_word' id='word_1_117' title='bbox 586 2443 937 2530; x_wconf 85' lang='lat' dir='ltr'><strong>cuperata</strong></span> <span class='ocrx_word' id='word_1_118' title='bbox 997 2422 1139 2501; x_wconf 83' lang='lat' dir='ltr'><strong>fuit</strong></span> <span class='ocrx_word' id='word_1_119' title='bbox 1198 2422 1548 2531; x_wconf 82' lang='lat' dir='ltr'><strong>pacifice,</strong></span> <span class='ocrx_word' id='word_1_120' title='bbox 1602 2422 1696 2501; x_wconf 86' lang='lat' dir='ltr'><strong>ad</strong></span> <span class='ocrx_word' id='word_1_121' title='bbox 1741 2441 2035 2500; x_wconf 87' lang='lat' dir='ltr'><strong>nostrae</strong></span> <span class='ocrx_word' id='word_1_122' title='bbox 2063 2422 2341 2524; x_wconf 82' lang='lat' dir='ltr'><strong>Regiae</strong></span> <span class='ocrx_word' id='word_1_123' title='bbox 2382 2419 2797 2497; x_wconf 83' lang='lat' dir='ltr'><strong>Excellen··</strong></span> 
     </span>
     <span class='ocr_line' id='line_1_19' title="bbox 586 2526 2783 2616; baseline 0.001 -11"><span class='ocrx_word' id='word_1_124' title='bbox 586 2530 730 2605; x_wconf 84' lang='lat' dir='ltr'><strong>tiae</strong></span> <span class='ocrx_word' id='word_1_125' title='bbox 763 2526 1198 2606; x_wconf 83' lang='lat' dir='ltr'><strong>accedentes</strong></span> <span class='ocrx_word' id='word_1_126' title='bbox 1235 2533 1768 2616; x_wconf 82' lang='lat' dir='ltr'><strong>Praesentiam.</strong></span> <span class='ocrx_word' id='word_1_127' title='bbox 1825 2526 2322 2607; x_wconf 83' lang='lat' dir='ltr'><strong>exhibuerunt</strong></span> <span class='ocrx_word' id='word_1_128' title='bbox 2367 2528 2601 2605; x_wconf 78' lang='lat' dir='ltr'><strong>nobis</strong></span> <span class='ocrx_word' id='word_1_129' title='bbox 2628 2529 2783 2607; x_wconf 80' lang='lat' dir='ltr'><strong>Pri·</strong></span> 
     </span>
     <span class='ocr_line' id='line_1_20' title="bbox 583 2632 2781 2741; baseline 0.001 -32"><span class='ocrx_word' id='word_1_130' title='bbox 583 2633 935 2738; x_wconf 77' lang='lat' dir='ltr'><strong>vilegium</strong></span> <span class='ocrx_word' id='word_1_131' title='bbox 976 2654 1311 2713; x_wconf 77' lang='lat' dir='ltr'><strong>nostrum</strong></span> <span class='ocrx_word' id='word_1_132' title='bbox 1353 2636 1496 2712; x_wconf 79' lang='lat' dir='ltr'><strong>sub</strong></span> <span class='ocrx_word' id='word_1_133' title='bbox 1536 2637 1813 2741; x_wconf 87' lang='lat' dir='ltr'><strong>priori,</strong></span> <span class='ocrx_word' id='word_1_134' title='bbox 1868 2653 1946 2712; x_wconf 87' lang='lat' dir='ltr'><strong>et</strong></span> <span class='ocrx_word' id='word_1_135' title='bbox 1973 2638 2282 2738; x_wconf 82' lang='lat' dir='ltr'><strong>antiquo</strong></span> <span class='ocrx_word' id='word_1_136' title='bbox 2334 2632 2613 2739; x_wconf 77' lang='lat' dir='ltr'><strong>sigillo</strong></span> <span class='ocrx_word' id='word_1_137' title='bbox 2650 2663 2781 2712; x_wconf 90' lang='lat' dir='ltr'><strong>no·</strong></span> 
     </span>
     <span class='ocr_line' id='line_1_21' title="bbox 580 2738 2772 2848; baseline 0.001 -33"><span class='ocrx_word' id='word_1_138' title='bbox 580 2755 742 2818; x_wconf 83' lang='lat' dir='ltr'><strong>stro</strong></span> <span class='ocrx_word' id='word_1_139' title='bbox 774 2738 1215 2817; x_wconf 83' lang='lat' dir='ltr'><strong>confirmans</strong></span> <span class='ocrx_word' id='word_1_140' title='bbox 1259 2742 1736 2848; x_wconf 84' lang='lat' dir='ltr'><strong>Privilegium</strong></span> <span class='ocrx_word' id='word_1_141' title='bbox 1780 2742 2075 2817; x_wconf 85' lang='lat' dir='ltr'><strong>Domini</strong></span> <span class='ocrx_word' id='word_1_142' title='bbox 2112 2741 2463 2818; x_wconf 84' lang='lat' dir='ltr'><strong>Andreae</strong></span> <span class='ocrx_word' id='word_1_143' title='bbox 2506 2770 2772 2845; x_wconf 87' lang='lat' dir='ltr'><strong>quon-</strong></span> 
     </span>
     <span class='ocr_line' id='line_1_22' title="bbox 582 2845 2772 2954; baseline 0.002 -33"><span class='ocrx_word' id='word_1_144' title='bbox 582 2845 754 2923; x_wconf 77' lang='lat' dir='ltr'><strong>dam</strong></span> <span class='ocrx_word' id='word_1_145' title='bbox 811 2849 1037 2947; x_wconf 82' lang='lat' dir='ltr'><strong>Regis</strong></span> <span class='ocrx_word' id='word_1_146' title='bbox 1087 2848 1511 2954; x_wconf 82' lang='lat' dir='ltr'><strong>Huogariae</strong></span> <span class='ocrx_word' id='word_1_147' title='bbox 1573 2849 2159 2928; x_wconf 84' lang='lat' dir='ltr'><strong>Praedecessoris</strong></span> <span class='ocrx_word' id='word_1_148' title='bbox 2234 2849 2467 2923; x_wconf 82' lang='lat' dir='ltr'><strong>nostri</strong></span> <span class='ocrx_word' id='word_1_149' title='bbox 2517 2849 2772 2925; x_wconf 81' lang='lat' dir='ltr'><strong>bonae</strong></span> 
     </span>
    </p>
   </div>
   <div class='ocr_carea' id='block_1_5' title="bbox 439 2951 2775 3062">
    <p class='ocr_par' dir='ltr' id='par_1_5' title="bbox 439 2951 2775 3062">
     <span class='ocr_line' id='line_1_23' title="bbox 439 2951 2775 3062; baseline 0.001 -32"><span class='ocrx_word' id='word_1_150' title='bbox 439 2951 444 2956; x_wconf 64' lang='grc'><strong>’</strong></span> <span class='ocrx_word' id='word_1_151' title='bbox 579 2952 1125 3031; x_wconf 84' lang='lat' dir='ltr'><strong>recordationis</strong></span> <span class='ocrx_word' id='word_1_152' title='bbox 1184 2982 1412 3062; x_wconf 80' lang='lat' dir='ltr'><strong>super</strong></span> <span class='ocrx_word' id='word_1_153' title='bbox 1467 2953 1967 3033; x_wconf 82' lang='lat' dir='ltr'><strong>Libertatibus</strong></span> <span class='ocrx_word' id='word_1_154' title='bbox 2021 2961 2347 3061; x_wconf 85' lang='lat' dir='ltr'><strong>ipsorum</strong></span> <span class='ocrx_word' id='word_1_155' title='bbox 2395 2953 2775 3032; x_wconf 84' lang='lat' dir='ltr'><strong>infrascri-</strong></span> 
     </span>
    </p>
   </div>
   <div class='ocr_carea' id='block_1_6' title="bbox 578 3058 2771 3376">
    <p class='ocr_par' dir='ltr' id='par_1_6' title="bbox 578 3058 2771 3376">
     <span class='ocr_line' id='line_1_24' title="bbox 582 3058 2771 3166; baseline -0 -28"><span class='ocrx_word' id='word_1_156' title='bbox 582 3063 733 3164; x_wconf 83' lang='lat' dir='ltr'><strong>ptis</strong></span> <span class='ocrx_word' id='word_1_157' title='bbox 783 3058 1241 3156; x_wconf 82' lang='lat' dir='ltr'><strong>confectum,</strong></span> <span class='ocrx_word' id='word_1_158' title='bbox 1297 3080 1374 3139; x_wconf 86' lang='lat' dir='ltr'><strong>et</strong></span> <span class='ocrx_word' id='word_1_159' title='bbox 1422 3061 1750 3139; x_wconf 88' lang='lat' dir='ltr'><strong>habitum</strong></span> <span class='ocrx_word' id='word_1_160' title='bbox 1793 3079 2124 3166; x_wconf 85' lang='lat' dir='ltr'><strong>petentes</strong></span> <span class='ocrx_word' id='word_1_161' title='bbox 2163 3091 2203 3137; x_wconf 92' lang='lat' dir='ltr'><strong>a</strong></span> <span class='ocrx_word' id='word_1_162' title='bbox 2240 3061 2456 3137; x_wconf 79' lang='lat' dir='ltr'><strong>nobis</strong></span> <span class='ocrx_word' id='word_1_163' title='bbox 2501 3060 2771 3139; x_wconf 84' lang='lat' dir='ltr'><strong>humili</strong></span> 
     </span>
     <span class='ocr_line' id='line_1_25' title="bbox 578 3167 2770 3272; baseline 0 -29"><span class='ocrx_word' id='word_1_164' title='bbox 578 3192 890 3272; x_wconf 86' lang='lat' dir='ltr'><strong>precum</strong></span> <span class='ocrx_word' id='word_1_165' title='bbox 940 3193 1108 3243; x_wconf 90' lang='lat' dir='ltr'><strong>cum</strong></span> <span class='ocrx_word' id='word_1_166' title='bbox 1154 3170 1543 3262; x_wconf 87' lang='lat' dir='ltr'><strong>Instantia‚</strong></span> <span class='ocrx_word' id='word_1_167' title='bbox 1600 3186 1681 3244; x_wconf 90' lang='lat' dir='ltr'><strong>ut</strong></span> <span class='ocrx_word' id='word_1_168' title='bbox 1722 3173 1960 3271; x_wconf 80' lang='lat' dir='ltr'><strong>ipsum</strong></span> <span class='ocrx_word' id='word_1_169' title='bbox 2012 3167 2483 3269; x_wconf 75' lang='lat' dir='ltr'><strong>privilegium</strong></span> <span class='ocrx_word' id='word_1_170' title='bbox 2539 3167 2770 3247; x_wconf 78' lang='lat' dir='ltr'><strong>simul</strong></span> 
     </span>
     <span class='ocr_line' id='line_1_26' title="bbox 579 3271 2770 3376; baseline 0.001 -26"><span class='ocrx_word' id='word_1_171' title='bbox 579 3290 657 3351; x_wconf 89' lang='lat' dir='ltr'><strong>et</strong></span> <span class='ocrx_word' id='word_1_172' title='bbox 692 3271 1406 3356; x_wconf 58' lang='lat' dir='ltr'><strong>eon-ummibertates</strong></span> <span class='ocrx_word' id='word_1_173' title='bbox 1440 3274 1802 3351; x_wconf 75' lang='lat' dir='ltr'><strong>ratificare</strong></span> <span class='ocrx_word' id='word_1_174' title='bbox 1826 3331 1848 3367; x_wconf 92' lang='lat'>‚</span> <span class='ocrx_word' id='word_1_175' title='bbox 1902 3293 1978 3351; x_wconf 84' lang='lat' dir='ltr'><strong>et</strong></span> <span class='ocrx_word' id='word_1_176' title='bbox 2030 3273 2290 3376; x_wconf 71' lang='lat' dir='ltr'><strong>sigillo</strong></span> <span class='ocrx_word' id='word_1_177' title='bbox 2335 3293 2605 3354; x_wconf 82' lang='lat' dir='ltr'><strong>nostro</strong></span> <span class='ocrx_word' id='word_1_178' title='bbox 2640 3305 2770 3353; x_wconf 87' lang='lat' dir='ltr'><strong>no·</strong></span> 
     </span>
    </p>
   </div>
   <div class='ocr_carea' id='block_1_7' title="bbox 453 3379 2765 3486">
    <p class='ocr_par' dir='ltr' id='par_1_7' title="bbox 453 3379 2765 3486">
     <span class='ocr_line' id='line_1_27' title="bbox 453 3379 2765 3486; baseline 0.003 -34"><span class='ocrx_word' id='word_1_179' title='bbox 453 3437 462 3452; x_wconf 92' lang='lat'>.</span> <span class='ocrx_word' id='word_1_180' title='bbox 578 3404 718 3471; x_wconf 78' lang='lat' dir='ltr'><strong>vo,</strong></span> <span class='ocrx_word' id='word_1_181' title='bbox 811 3397 905 3455; x_wconf 62' lang='lat' dir='ltr'><strong>et=</strong></span> <span class='ocrx_word' id='word_1_182' title='bbox 948 3379 1372 3459; x_wconf 86' lang='lat' dir='ltr'><strong>authentico</strong></span> <span class='ocrx_word' id='word_1_183' title='bbox 1432 3381 1907 3486; x_wconf 78' lang='lat' dir='ltr'><strong>dignaremur</strong></span> <span class='ocrx_word' id='word_1_184' title='bbox 1973 3382 2450 3478; x_wconf 78' lang='lat' dir='ltr'><strong>confirmare3</strong></span> <span class='ocrx_word' id='word_1_185' title='bbox 2541 3385 2765 3466; x_wconf 81' lang='lat' dir='ltr'><strong>cuius</strong></span> 
     </span>
    </p>
   </div>
   <div class='ocr_carea' id='block_1_8' title="bbox 531 3483 2763 4234">
    <p class='ocr_par' dir='ltr' id='par_1_8' title="bbox 578 3483 2289 3591">
     <span class='ocr_line' id='line_1_28' title="bbox 578 3483 2289 3591; baseline 0.002 -32"><span class='ocrx_word' id='word_1_186' title='bbox 578 3483 880 3590; x_wconf 83' lang='lat' dir='ltr'><strong>quidem</strong></span> <span class='ocrx_word' id='word_1_187' title='bbox 925 3485 1291 3591; x_wconf 67' lang='lat' dir='ltr'><strong>privilegii</strong></span> <span class='ocrx_word' id='word_1_188' title='bbox 1329 3505 1550 3564; x_wconf 91' lang='lat' dir='ltr'><strong>tenor</strong></span> <span class='ocrx_word' id='word_1_189' title='bbox 1591 3490 1754 3565; x_wconf 82' lang='lat' dir='ltr'><strong>talis</strong></span> <span class='ocrx_word' id='word_1_190' title='bbox 1803 3503 1931 3564; x_wconf 83' lang='lat' dir='ltr'><strong>est.</strong></span> <span class='ocrx_word' id='word_1_191' title='bbox 2284 3535 2289 3540; x_wconf 83' lang='lat'><em>·</em></span> 
     </span>
    </p>

    <p class='ocr_par' dir='ltr' id='par_1_9' title="bbox 531 3591 2763 4234">
     <span class='ocr_line' id='line_1_29' title="bbox 765 3591 2762 3700; baseline 0.003 -33"><span class='ocrx_word' id='word_1_192' title='bbox 765 3592 1074 3669; x_wconf 80' lang='lat' dir='ltr'><strong>Carolus</strong></span> <span class='ocrx_word' id='word_1_193' title='bbox 1114 3591 1252 3669; x_wconf 90' lang='lat' dir='ltr'><strong>Dei</strong></span> <span class='ocrx_word' id='word_1_194' title='bbox 1297 3595 1551 3669; x_wconf 84' lang='lat' dir='ltr'><strong>Gratia</strong></span> <span class='ocrx_word' id='word_1_195' title='bbox 1592 3594 2045 3700; x_wconf 80' lang='lat' dir='ltr'><strong>Hungariae,</strong></span> <span class='ocrx_word' id='word_1_196' title='bbox 2080 3594 2528 3688; x_wconf 73' lang='lat' dir='ltr'><strong>Dalmatiae,</strong></span> <span class='ocrx_word' id='word_1_197' title='bbox 2572 3594 2762 3672; x_wconf 72' lang='lat' dir='ltr'><strong>Cro·</strong></span> 
     </span>
     <span class='ocr_line' id='line_1_30' title="bbox 573 3699 2762 3799; baseline 0.003 -28"><span class='ocrx_word' id='word_1_198' title='bbox 573 3699 800 3794; x_wconf 73' lang='lat' dir='ltr'><strong>atine,</strong></span> <span class='ocrx_word' id='word_1_199' title='bbox 875 3701 1198 3790; x_wconf 73' lang='lat' dir='ltr'><strong>Hamae,</strong></span> <span class='ocrx_word' id='word_1_200' title='bbox 1285 3699 1632 3795; x_wconf 80' lang='lat' dir='ltr'><strong>Serviae,</strong></span> <span class='ocrx_word' id='word_1_201' title='bbox 1724 3700 2256 3799; x_wconf 86' lang='lat' dir='ltr'><strong>Lodomeriae,</strong></span> <span class='ocrx_word' id='word_1_202' title='bbox 2352 3701 2762 3797; x_wconf 83' lang='lat' dir='ltr'><strong>Galliciae,</strong></span> 
     </span>
     <span class='ocr_line' id='line_1_31' title="bbox 575 3804 2763 3911; baseline 0.001 -30"><span class='ocrx_word' id='word_1_203' title='bbox 575 3804 1019 3896; x_wconf 80' lang='lat' dir='ltr'><strong>Cumaniae,</strong></span> <span class='ocrx_word' id='word_1_204' title='bbox 1074 3807 1619 3911; x_wconf 82' lang='lat' dir='ltr'><strong>Bulgariaeque</strong></span> <span class='ocrx_word' id='word_1_205' title='bbox 1670 3809 1856 3884; x_wconf 86' lang='lat' dir='ltr'><strong>Rex.</strong></span> <span class='ocrx_word' id='word_1_206' title='bbox 1959 3807 2324 3898; x_wconf 83' lang='lat' dir='ltr'><strong>Omnibus</strong></span> <span class='ocrx_word' id='word_1_207' title='bbox 2362 3808 2640 3886; x_wconf 83' lang='lat' dir='ltr'><strong>Christi</strong></span> <span class='ocrx_word' id='word_1_208' title='bbox 2682 3806 2763 3884; x_wconf 85' lang='lat' dir='ltr'><strong>fi·</strong></span> 
     </span>
     <span class='ocr_line' id='line_1_32' title="bbox 576 3909 2757 4021; baseline 0.003 -36"><span class='ocrx_word' id='word_1_209' title='bbox 576 3909 869 3989; x_wconf 78' lang='lat' dir='ltr'><strong>delibus</strong></span> <span class='ocrx_word' id='word_1_210' title='bbox 938 3930 1087 3988; x_wconf 90' lang='lat' dir='ltr'><strong>tam</strong></span> <span class='ocrx_word' id='word_1_211' title='bbox 1134 3913 1691 4019; x_wconf 82' lang='lat' dir='ltr'><strong>praesentibus,</strong></span> <span class='ocrx_word' id='word_1_212' title='bbox 1749 3921 1971 4020; x_wconf 84' lang='lat' dir='ltr'><strong>quam</strong></span> <span class='ocrx_word' id='word_1_213' title='bbox 2028 3915 2289 3992; x_wconf 84' lang='lat' dir='ltr'><strong>suturis</strong></span> <span class='ocrx_word' id='word_1_214' title='bbox 2331 3916 2757 4021; x_wconf 84' lang='lat' dir='ltr'><strong>praesenti-</strong></span> 
     </span>
     <span class='ocr_line' id='line_1_33' title="bbox 531 4016 2750 4099; baseline 0.003 -11"><span class='ocrx_word' id='word_1_215' title='bbox 531 4041 705 4093; x_wconf 41' lang='lat' dir='ltr'><strong>‘um</strong></span> <span class='ocrx_word' id='word_1_216' title='bbox 769 4019 1106 4094; x_wconf 48' lang='lat' dir='ltr'><strong>notitiam*</strong></span> <span class='ocrx_word' id='word_1_217' title='bbox 1164 4016 1518 4096; x_wconf 86' lang='lat' dir='ltr'><strong>habituris</strong></span> <span class='ocrx_word' id='word_1_218' title='bbox 1592 4021 1898 4096; x_wconf 87' lang='lat' dir='ltr'><strong>salutem</strong></span> <span class='ocrx_word' id='word_1_219' title='bbox 1954 4021 2027 4095; x_wconf 91' lang='lat' dir='ltr'><strong>in</strong></span> <span class='ocrx_word' id='word_1_220' title='bbox 2089 4021 2356 4099; x_wconf 83' lang='lat' dir='ltr'><strong>Salutis</strong></span> <span class='ocrx_word' id='word_1_221' title='bbox 2415 4038 2750 4099; x_wconf 79' lang='lat' dir='ltr'><strong>auctore.</strong></span> 
     </span>
     <span class='ocr_line' id='line_1_34' title="bbox 571 4122 2753 4234; baseline 0.003 -37"><span class='ocrx_word' id='word_1_222' title='bbox 571 4122 692 4197; x_wconf 78' lang='lat' dir='ltr'><strong>Ad</strong></span> <span class='ocrx_word' id='word_1_223' title='bbox 730 4125 1251 4220; x_wconf 81' lang='lat' dir='ltr'><strong>uniuersorum</strong></span> <span class='ocrx_word' id='word_1_224' title='bbox 1292 4127 1623 4204; x_wconf 84' lang='lat' dir='ltr'><strong>notitiam</strong></span> <span class='ocrx_word' id='word_1_225' title='bbox 1669 4127 1924 4202; x_wconf 86' lang='lat' dir='ltr'><strong>barum</strong></span> <span class='ocrx_word' id='word_1_226' title='bbox 1968 4131 2159 4204; x_wconf 88' lang='lat' dir='ltr'><strong>serie</strong></span> <span class='ocrx_word' id='word_1_227' title='bbox 2199 4131 2549 4205; x_wconf 79' lang='lat' dir='ltr'><strong>volumus</strong></span> <span class='ocrx_word' id='word_1_228' title='bbox 2587 4158 2753 4234; x_wconf 86' lang='lat' dir='ltr'><strong>per·</strong></span> 
     </span>
    </p>
   </div>
   <div class='ocr_carea' id='block_1_9' title="bbox 576 4227 2748 4342">
    <p class='ocr_par' dir='ltr' id='par_1_10' title="bbox 576 4227 2748 4342">
     <span class='ocr_line' id='line_1_35' title="bbox 576 4227 2748 4342; baseline 0.003 -36"><span class='ocrx_word' id='word_1_229' title='bbox 576 4232 870 4308; x_wconf 79' lang='lat' dir='ltr'><strong>venire:</strong></span> <span class='ocrx_word' id='word_1_230' title='bbox 951 4233 1177 4326; x_wconf 84' lang='lat' dir='ltr'><strong>Quod</strong></span> <span class='ocrx_word' id='word_1_231' title='bbox 1233 4234 1585 4342; x_wconf 79' lang='lat' dir='ltr'><strong>Magister</strong></span> <span class='ocrx_word' id='word_1_232' title='bbox 1640 4233 2026 4336; x_wconf 66' lang='lat' dir='ltr'><strong>T’yboldas</strong></span> <span class='ocrx_word' id='word_1_233' title='bbox 2083 4227 2595 4328; x_wconf 71' lang='lat' dir='ltr'><strong>posoniensis,</strong></span> <span class='ocrx_word' id='word_1_234' title='bbox 2671 4252 2748 4313; x_wconf 88' lang='lat' dir='ltr'><strong>et</strong></span> 
     </span>
    </p>
   </div>
  </div>
 </body>
</html>
