2926 4849
768 480 917 550 774

659 691 898 788 speris
943 691 1043 760 sic
1084 704 1157 761 et
1192 685 1519 760 aduersis
1540 737 1561 774 ,
1617 677 1761 773 sub,
1794 680 2136 759 locorum
2164 700 2239 758 et
2269 700 2643 785 temporum
2668 704 2741 751 va·

661 797 930 869 rietate
953 848 972 882 ,
1032 788 1620 892 praesertimque
1680 806 2016 890 tempore
2074 787 2569 865 celebrationis
2616 783 2739 862 sacti

659 901 1017 1003 generalis
1051 900 1362 975 Concilii
1415 894 2169 989 Constantiensis,-i1i
2229 898 2517 986 Istriae,
2576 890 2740 965 Lom·

659 1005 1002 1095 burdine,
1054 1004 1233 1079 Fori
1268 1004 1491 1095 sulii,
1548 1019 1622 1077 et
1663 1002 1912 1076 Italiae
1936 1058 1956 1095 ,
2021 1030 2163 1080 nec
2199 1028 2348 1076 non
2388 1000 2737 1102 Aragonine,

663 1111 1125 1202 Cataloniae,
1186 1110 1496 1211 Angliae
1524 1165 1544 1202 ,
1599 1108 1658 1180 F
1662 1111 1987 1203 ranciae,
2021 1105 2525 1209 Burgundiae,
2566 1102 2741 1179 Loths·

666 1223 942 1323 ringiae
966 1275 986 1310 ,
1033 1217 1469 1293 Brabantiae
1493 1274 1513 1311 ,
1548 1212 2032 1313 Hollandiae,
2070 1236 2148 1293 et
2187 1216 2611 1301 Alemauiae‚
2638 1208 2737 1281 alin·

672 1351 991 1429 rumque
1017 1324 1473 1402 diuersarum
1497 1322 1889 1410 terrarum,
1910 1341 1985 1398 et
2004 1326 2393 1427 regionum
2409 1316 2629 1397 mundi
2644 1342 2737 1420 pat·

668 1436 910 1524 tibus,
945 1432 1164 1506 nobis
1208 1446 1387 1505 tunc
1425 1433 1777 1505 instinctu
1815 1424 2135 1533 Spiritus
2164 1427 2423 1503 Sancti
2462 1422 2730 1528 permotis,

667 1554 808 1644 pro
847 1539 1118 1615 vnioue
1160 1563 1372 1615 sacro
1433 1557 1723 1613 sanctae
1767 1537 2149 1612 Romanae
2200 1561 2290 1611 ac
2348 1527 2733 1611 Vniuersaliss,

669 1649 834 1751 piae
871 1645 1155 1736 Matris,
1204 1643 1597 1736 Ecclesiae,
1631 1671 1675 1718 a
1704 1642 2079 1719 sceleratis
2112 1641 2389 1719 saeculi
2415 1640 2591 1731 filiis,
2615 1658 2737 1741 pro

669 1753 940 1858 prias
979 1754 1067 1825 in
1110 1748 1507 1828 caducis
1544 1750 1834 1825 rebus
1882 1748 2621 1826 commoditates
2658 1739 2737 1813 di·

672 1865 959 1961 uiuae
998 1856 1665 1962 dispositioni
1709 1873 1801 1932 et
1848 1877 2312 1934 aeternae
2358 1844 2735 1931 felicitati

671 1995 723 2070 p
746 1997 783 2040 r
802 1993 840 2038 a
863 1991 904 2038 e
929 1992 973 2065 p
999 1989 1045 2036 o
1064 1993 1111 2038 n
1136 1989 1179 2037 e
1204 1994 1253 2037 n
1278 1981 1309 2038 t
1329 1991 1444 2057 es,
1480 1965 1556 2037 in
1608 1965 1832 2039 totius
1869 1963 2130 2069 populi
2171 1963 2537 2040 christiani
2565 1958 2729 2034 anim·
2808 1998 2809 2001 ¹

675 2092 844 2147 rum
876 2070 1470 2164 damnationem,
1524 2087 1601 2146 et
1653 2067 2156 2146 fideiruinam
2211 2073 2478 2147 scissae
2530 2057 2734 2141 etdiui·

675 2205 838 2271 sae,
897 2203 1038 2283 pro
1078 2181 1267 2253 sacri
1312 2203 1622 2280 quoque
1661 2180 1981 2254 Romani
2015 2179 2323 2281 Imperii
2355 2164 2736 2253 statusrefw
2810 2210 2811 2221 ³

675 2287 1044 2377 matione,
1098 2302 1175 2359 et
1228 2278 1560 2390 pestiferi
1602 2281 2023 2361 Schismatis
2083 2284 2594 2388 extirpatione,
2632 2296 2739 2378 pu·-

680 2393 876 2468 tibus
928 2394 1002 2466 in
1046 2390 1320 2469 eisdem
1372 2410 1447 2468 et
1492 2410 2003 2495 expressunter
2040 2394 2113 2466 in
2181 2393 2349 2497 ipso
2390 2412 2575 2465 sacro
2610 2383 2740 2455 Con·
2812 2412 2813 2428 ¹

683 2499 1057 2573 stantiensi
1096 2499 1474 2586 Concilio,
1550 2513 1726 2574 tunc
1780 2491 1875 2574 ad
1930 2498 2008 2575 id
2070 2499 2149 2571 in
2205 2498 2532 2602 Spriritu
2573 2498 2739 2566 sancto
2812 2493 2813 2564 i

683 2621 1171 2704 congregem,
1225 2629 1740 2706 summopere,
1797 2633 1949 2680 non
2004 2608 2161 2681 sine
2214 2592 2739 2681 sarcinesislabtr

684 2712 929 2802 ribus,
984 2708 1272 2782 ardenti
1323 2708 1696 2785 desiderio
1747 2710 2299 2803 laborantibus,
2360 2735 2521 2785 cum
2578 2713 2738 2775 nostr·

688 2817 1070 2891 Maiestate
1117 2813 1390 2915 vbique
1429 2816 1952 2919 procedendo,
2009 2817 2308 2893 demum
2348 2834 2616 2920 quoque
2645 2826 2741 2906 per·

684 2925 860 2997 actis
898 2923 1084 2995 inibi
1109 2977 1130 3013 ,
1189 2923 1353 2998 Deo
1410 2925 1710 3027 auspice
1755 2943 1829 2999 et
1866 2924 2180 3016 feliciter
2223 2926 2318 3000 ad
2387 2926 2512 2996 Dei
2548 2910 2742 2992 laudem

689 3029 1136 3103 confirmatis
1180 3030 1526 3105 omnibus
1572 3031 1842 3104 nostris
1895 3031 1973 3106 et
2024 3057 2235 3107 sacro
2299 3034 2743 3108 Romanaeor·

691 3134 1062 3210 thodoxae
1098 3135 1269 3210 fidei
1297 3138 1628 3240 negociis
1652 3191 1675 3228 ,
1731 3137 1825 3210 de
1854 3138 2033 3243 ipsis
2070 3137 2490 3213 Alemaniae
2514 3121 2743 3236 partib&

687 3244 778 3315 ad
802 3241 944 3316 hoc
976 3243 1378 3344 peculisi-ie
1397 3268 1711 3344 regnum
1734 3261 2068 3320 nostrum
2090 3244 2500 3349 Hungariae
2531 3233 2742 3343 red-2⁰¹3·

691 3350 927 3439 tibus,
979 3351 1057 3428 in
1106 3348 1415 3424 diuersis
1451 3350 1717 3424 nostris
1751 3352 2323 3428 exercitualibus
2362 3342 2738 3452 expedition?

691 3456 879 3547 bus,
940 3473 1086 3530 tam
1120 3474 1387 3532 eontra
1432 3457 1885 3533 saeuissimus
1928 3459 2255 3552 TurcoS,
2323 3456 2556 3532 Crucis
2596 3442 2738 3520 Chrl·

691 3564 784 3635 sti
837 3560 1388 3666 persecutores,
1461 3588 1689 3665 quam
1746 3569 1961 3638 etiam
2018 3581 2280 3640 contra
2336 3554 2740 3668 perfidissimos

690 3669 1100 3744 haereticos
1136 3670 1463 3744 Hussitas
1490 3722 1512 3757 ,
1569 3670 1741 3743 alias
1777 3673 1851 3745 in
1894 3688 2275 3774 praetacto
2312 3693 2531 3772 regno
2572 3668 2741 3732 n⁰⁵¹s⁰

687 3773 1079 3851 Bohemiae
1118 3801 1206 3850 ac
1237 3775 1746 3851 Marchionatu
1785 3777 2164 3851 Morauiae
2196 3777 2623 3881 pullulantes,
2646 3755 2742 3860 ple·

686 3883 937 3986 risque
974 3882 1260 3956 vicibus
1295 3889 1438 3984 per'
1473 3906 1607 3954 nos
1644 3882 2105 3977 instauratis,
2159 3895 2300 3961 ne'c
2340 3909 2475 3956 non
2511 3879 2575 3950 in
2597 3883 2743 3963 exp&

687 3987 1033 4092 gnatione
1070 3987 1291 4063 castri
1327 3991 1562 4063 nostri
1590 3987 2042 4066 Galambocz
2064 4046 2085 4084 ,
2139 3991 2336 4095 apud
2363 4005 2592 4062 manus
2617 3975 2743 4074 ὶρθθ·

687 4121 851 4168 rum
886 4096 1299 4170 Turcorum
1339 4093 1574 4170 habiti
1598 4150 1620 4190 ,
1675 4097 1882 4197 quod
1914 4098 2087 4174 alias
2115 4097 2490 4175 obsidione
2522 4089 2741 4186 circum·

688 4202 1212 4279 vallaueramus
1235 4256 1256 4294 ,
1313 4203 1386 4277 in
1455 4201 1863 4280 directione
1934 4198 2739 4284 bombardorummoeffl·
