2926 4849
2077 507 2221 576 735

146 719 260 813 ri,
320 736 632 797 vestram
679 718 1089 793 Amicitiam
1131 683 1334 793 Idem
1376 705 1740 791 Palatinus
1793 716 2166 818 petivisset
2206 719 2329 794 di-

151 825 515 931 ligenter,
572 842 944 928 quatenus
999 825 1349 899 Vestrum
1395 824 1693 898 mittatis
1747 821 2144 900 Hominem
2188 850 2331 932 pro

146 932 605 1010 Testimonio
648 930 1144 1033 fidedignum,
1197 957 1354 1034 quo
1408 947 1799 1033 praesente
1856 930 2103 1006 Homo
2159 959 2333 1008 suus

143 1040 335 1116 infra
396 1038 878 1116 declarandus
924 1055 1424 1112 memoratum
1477 1036 1884 1140 Georgium
1935 1036 2168 1114 filium
2207 1039 2329 1114 Jo-

147 1151 356 1222 annis
397 1147 491 1221 de
534 1142 812 1221 Bathor
851 1148 1242 1248 praemissa
1281 1143 1625 1217 Literalia
1670 1169 1800 1217 sua
1834 1147 2331 1221 Instrumenta

150 1253 694 1344 exhibiturum,
752 1279 838 1327 ac
878 1249 972 1327 de
1005 1276 1237 1327 onere
1281 1274 1412 1326 sex
1449 1275 1858 1325 marcarum
1887 1248 2025 1325 sibi
2059 1270 2135 1327 et
2171 1282 2330 1357 par-

148 1361 207 1434 ti
249 1358 596 1435 adversae
639 1359 1185 1434 satisfacturum
1242 1374 1504 1432 contra
1565 1358 2017 1432 Annotatam
2059 1360 2327 1435 Domi·
2446 1347 2450 1356 ⁸

147 1494 320 1541 nam
376 1469 668 1542 Annam
735 1481 1069 1540 vocatam
1131 1463 1575 1539 consortem
1624 1460 1936 1537 Ladislai
1988 1464 2193 1543 Jakts
2234 1465 2328 1542 de

152 1571 380 1647 Kusal
425 1571 518 1647 ad
573 1574 799 1647 dictas
865 1587 1162 1647 octavas
1244 1569 1437 1644 Festi
1489 1566 2065 1674 Epiphaniarum
2123 1600 2328 1649 suam

150 1693 417 1755 evocet
456 1681 530 1753 in
571 1679 1105 1800 praesentiam,
1165 1696 1240 1752 et
1274 1692 1439 1778 post
1472 1674 1705 1751 haec
1684 1677 1909 1779 lpsius
1940 1676 2328 1754 Evocatio·

155 1787 266 1860 nis
317 1787 585 1861 seriem
631 1811 801 1859 cum
850 1787 1150 1860 nomine
1199 1784 1498 1858 Evocati
1546 1782 1638 1858 ad
1690 1781 1980 1858 easdem
2035 1803 2329 1860 octavas

150 1893 639 1967 amicabiliter
674 1891 1197 1969 rescriberetis.
1255 1889 1446 1980 Quia
1483 1907 1725 1964 autem
1764 1890 2136 1993 praefatus
2171 1891 2331 1968 Ste-

151 1997 296 2102 pha
326 2038 436 2056 —
468 1997 937 2075 medietatem
980 1981 1246 2072 Iudicii
1289 2000 1510 2072 trium
1561 2023 1970 2073 marcarum
1995 2016 2170 2074 tunc
2207 2000 2331 2074 Ju-
2389 2001 2392 2006 ’

146 2106 298 2180 dici
342 2122 419 2180 et
470 2109 658 2209 parti
711 2106 1060 2180 adversae
1107 2103 1493 2209 persolver
1521 2139 1629 2158 -—
1663 2144 1767 2157 —
1822 2142 1922 2157 --
1972 2131 2120 2179 non
2161 2131 2330 2209 per-

146 2213 529 2306 solvisset3
584 2212 765 2287 Ideo
825 2211 1104 2286 octavis
1163 2212 1238 2284 in
1283 2206 1559 2286 eisdem
1599 2236 1771 2287 cum
1815 2207 2099 2334 duppin
2148 2238 2328 2314 per-

148 2315 434 2394 solvere
482 2335 907 2409 teneretur,
962 2346 1003 2393 a
1044 2316 1314 2420 quibus
1364 2314 1672 2419 quidem
1718 2319 1995 2393 octavis
2034 2318 2329 2394 interim

157 2424 440 2500 Eodem
478 2426 802 2501 Domino
848 2423 1161 2500 Nicolao
1216 2424 1542 2498 Palatino
1585 2424 1679 2498 ab
1717 2423 1852 2499 hac
1894 2422 2058 2498 luce
2100 2424 2329 2501 dece-

158 2533 425 2655 dente,
482 2535 1016 2634 universaeque
1052 2531 1329 2604 Causae
1359 2556 1608 2604 coram
1649 2530 1914 2606 eodem
1965 2550 2330 2608 vertentes

159 2642 231 2713 in
282 2640 765 2742 praesentiam
800 2638 976 2713 dicti
1017 2639 1319 2732 Domini
1377 2636 1685 2740 Georgii
1714 2636 1946 2712 Archi
1980 2635 2332 2764 Episcopi
2421 2668 2428 2675 ·

160 2743 636 2840 devenerint,
672 2744 868 2821 dum
923 2748 1080 2848 ipsa
1132 2745 1714 2819 Instrumentalis
1751 2742 2126 2819 Exhibitio
2166 2749 2332 2849 pri-
2453 2792 2462 2801 ι

156 2879 280 2929 mo
325 2851 729 2928 secundum
766 2850 994 2926 series
1018 2850 1428 2924 Literarum
1466 2848 2019 2952 praedictorum
2064 2853 2330 2926 Domi-

154 2985 428 3035 norum
477 2958 778 3034 Palatini
829 2974 902 3031 et
936 2956 1241 3055 Georgii
1282 2954 1515 3028 Archi
1559 2955 1915 3059 Episcopi
1973 2984 2332 3059 proroga-

158 3084 299 3141 tor.
355 3064 711 3140 ventillar.
758 3060 1006 3138 medio
1061 3078 1403 3164 tempore
1453 3059 1610 3164 ipsa
1662 3062 1989 3137 Domina
2027 3065 2330 3140 Actrice
2431 3123 2446 3133 ,

157 3170 570 3247 decedente
609 3189 682 3245 et
725 3169 1101 3275 praesenti
1143 3169 1378 3245 Causa
1429 3166 1778 3243 Nobilem
1813 3169 2204 3243 Dominam
2243 3172 2331 3246 E-

157 3281 402 3355 lenam
455 3295 789 3373 vocatam
835 3277 1053 3352 filiam
1105 3271 1435 3351 eiusdem
1471 3275 1910 3349 Consortem
1961 3275 2204 3350 Frank
2238 3276 2332 3371 de
2445 3276 2446 3287 ’

154 3380 507 3459 Thallocz
563 3382 1071 3458 condescende
1108 3381 1200 3457 ad
1236 3398 1527 3456 octavas
1558 3381 1752 3456 Festi
1775 3383 1978 3459 Beati
2010 3380 2332 3458 Michae-

157 3493 248 3566 lis
303 3490 760 3591 Archangeli
822 3516 1012 3593 prox
1060 3531 1163 3544 —
1199 3489 1647 3593 praeteritas
1685 3495 2149 3592 prorogative
2204 3490 2329 3569 de-

159 3596 527 3690 venisset,
585 3597 877 3673 tandem
930 3598 1105 3700 ipsis
1161 3594 1445 3672 octavis
1494 3597 1773 3669 Instans
1808 3595 2182 3698 praefatus
2212 3596 2329 3673 Sl·

150 3704 584 3810 gismundus
619 3702 711 3776 de
751 3701 1014 3776 Pechel
1050 3728 1188 3832 pro
1219 3703 1374 3807 ipsa
1409 3702 1725 3777 Domina
1755 3701 1985 3777 Elena
2018 3704 2330 3780 Consor-
2419 3712 2424 3717 ’

148 3831 226 3886 te
280 3810 683 3885 Frankonis
726 3807 821 3884 de
868 3806 1213 3884 Thallocz
1258 3833 1430 3883 cum
1481 3810 2011 3912 procuratoriis
2068 3812 2329 3887 Literis

150 3921 412 3995 vestris
455 3946 1990 3977 ———————————
2024 3919 2331 4020 Georgii

155 4024 271 4099 Δι
273 4020 394 4100 chi
425 4022 775 4128 Episcopi
828 4022 1129 4097 veniens
1177 4048 1354 4123 prae
1394 4062 1496 4074 -
1537 4061 1637 4076 -—
1676 4010 2070 4099 Litterasv
2028 4050 2330 4099 ve--as

153 4159 189 4206 s
232 4169 953 4187 —————
1003 4128 1094 4203 ad
1147 4127 1678 4205 Evocationem
1739 4130 2332 4231 rescriptionales

156 4235 403 4315 eidem
469 4246 1038 4340 praesentasset,
1129 4262 1207 4310 ιιι
1260 4232 1536 4338 quibus
1593 4261 1762 4345 per
1789 4233 2182 4313 Albertum
2235 4234 2328 4312 de
