2926 4849
2209 511 2357 581 515

273 697 421 775 nali
459 701 922 804 praesentiae
965 697 1283 779 fideliter
1326 704 1854 785 rescriberent.
1914 712 1981 788 A
2015 717 2285 817 quihus
2303 721 2461 826 qui-

271 807 449 883 dem
484 809 804 903 oetauiS,
850 807 1039 882 wdum
1082 810 1243 908 ipsa
1283 811 1854 893 instrumentalis
1900 820 2255 901 exhibitio
2301 852 2466 927 par-

271 931 387 993 tes
417 917 610 991 inter
646 915 1062 1020 praedictas
1101 914 1194 989 de
1236 922 1566 1022 partium·
1597 944 2171 1025 procuratorum
2209 934 2466 1010 volun·
2533 963 2540 969 ·

275 1037 469 1107 tate,
523 1040 849 1100 nostram
886 1025 957 1099 in
1006 1028 1495 1123 praesentiam
1551 1027 1909 1126 deducta,
1966 1038 2168 1111 iuxta
2211 1043 2465 1117 conti-

271 1128 602 1203 nentium
656 1129 1041 1204 literarum
1097 1148 1523 1209 nostrarum
1575 1145 2304 1240 prorogatoriarum‚
2345 1150 2471 1222 si-

275 1233 441 1309 mul
479 1260 653 1309 eum
682 1233 898 1310 dictis
935 1231 1221 1310 iudiciis
1260 1261 1672 1317 marcarum
1730 1269 1866 1347 per
1912 1247 2145 1351 ipsam
2196 1253 2471 1330 Domi-

269 1367 444 1417 nam
482 1345 676 1447 parti
732 1339 1084 1418 aduersae
1134 1345 1787 1447 persoluendarum
1825 1349 1913 1425 ad
1951 1372 2248 1435 octauas
2298 1360 2467 1438 festi

264 1438 467 1524 beati
504 1446 764 1523 Jacobi
805 1448 1141 1551 Apostoli
1176 1466 1352 1527 tunc
1390 1456 1683 1550 yenturi
1720 1475 2120 1564 prorogata
2172 1467 2466 1544 extitis-

140 1621 145 1624 .
269 1551 432 1646 set,
494 1552 789 1630 tandem
850 1549 1025 1658 ipsis
1077 1559 1355 1646 uetanis
1418 1559 1900 1658 instantibus,
1975 1566 2314 1648 Matthias
2362 1573 2508 1676 de,

267 1657 546 1735 Andoh
578 1715 597 1752 ‚
653 1689 792 1764 pro
829 1677 1182 1737 annotato
1226 1662 1659 1763 Conuentu,
1712 1696 1884 1746 cum
1933 1682 2461 1774 procuratoriis

274 1767 513 1864 literis
548 1764 891 1870 eiusdem·
912 1767 990 1841 in
1027 1785 1369 1874 nostram!
1394 1775 1698 1849 veniens
1732 1781 2259 1876 praesentiam,
2297 1784 2459 1863 lite·

265 1873 388 1954 ras
429 1892 704 1950 vestras
739 1901 962 1978 super
1005 1879 1403 1977 praemissa
1449 1884 1884 1959 euocatione
1921 1891 2458 1993 rescriptiona-

263 1972 381 2056 Ies
418 1978 652 2081 {nobis
703 1998 1241 2086 praesentarat.
1312 1984 1390 2056 in
1453 1985 1725 2088 quibus
1781 2017 1923 2093 per
1980 2014 2324 2073 nostrum
2378 2018 2462 2079 et¹

264 2085 633 2189 clericum
681 2107 1008 2188 vestrum
1052 2086 1389 2164 homines
1415 2145 1437 2179 ,
1489 2085 1682 2178 ,feria
1738 2099 2055 2174 secunda
2115 2107 2456 2206 proxima

255 2211 434 2300 post
466 2189 1201 2272 dominicamRamis
1254 2191 1699 2300 palmarum,
1741 2220 1918 2280 tunc
1954 2214 2450 2311 praeteritam,

254 2296 669 2405 praefatam
710 2304 1099 2377 Dominam
1164 2302 1499 2378 relictam
1572 2303 1879 2412 Georgii
1920 2311 1996 2385 in
2038 2323 2458 2416 possessio-

252 2405 785 2483 ne·Chabia·ad
822 2409 1218 2512 praemissa
1240 2429 1494 2486 contra
1529 2432 1956 2495 annotatum
1981 2419 2454 2505 Conuentum

257 2511 359 2590 ad
388 2516 620 2590 dietas
662 2534 959 2594 octauas
995 2514 1163 2591 festi
1203 2517 1398 2591 beati
1438 2519 1744 2624 Georgii
1775 2523 2136 2629 ‚Martyris
2172 2521 2453 2636 regiam

189 2656 203 2676 ·
249 2621 334 2696 in
374 2626 853 2726 praesentiam
893 2621 1214 2726 legitime
1273 2636 1661 2729 euocatam
1715 2632 2080 2730 extitisse,
2134 2664 2450 2744 compe..

235 2725 490 2803 'rimus
524 2730 944 2825 manifeste3
1002 2727 1094 2802 ad
1132 2726 1312 2832 quas
1348 2731 1650 2832 quidem
1686 2757 1986 2814 octauas
2025 2742 2189 2819 festi
2230 2749 2445 2827 Beati

245 2834 520 2909 Jacobi
548 2834 935 2938 Apostoli,
976 2838 1150 2938 quia
1186 2838 1555 2940 praefatus
1584 2843 1961 2921 Ladislaus
1984 2903 2004 2940 ,
2061 2850 2250 2926 filius
2289 2856 2446 2931 Ge-
2505 2854 2567 2871 “

248 2944 481 3042 orgii,
538 2942 820 3043 absque
857 2945 1065 3019 cuius
1095 2943 1714 3047 praesentialitate
1753 2949 1949 3041 dicta
1991 2958 2443 3036 instrumen-

248 3046 416 3123 talis
457 3038 813 3133 exhibitio
851 3046 1013 3122 fieri
1066 3053 1359 3153 nequit,
1419 3053 1832 3153 praefatum
1877 3081 2440 3159 procuratorem

243 3153 435 3239 dicti
481 3153 956 3246 Conuentus',
1012 3158 1358 3260 congruis
1418 3148 1677 3233 diebus
1734 3161 2437 3265 ipsarum'octaua..

239 3286 419 3336 rum
452 3284 702 3337 coram
739 3259 957 3335 nobis
997 3280 1459 3367 exspectatus
1488 3320 1511 3359 ,
1569 3286 1894 3373 nostram
1949 3274 2023 3345 in
2069 3303 2436 3379 praesen..

242 3368 426 3445 tiam
465 3394 617 3444 non
682 3385 1025 3461 venerat,
1084 3398 1224 3445 nec
1277 3374 1617 3469 miserat3
1696 3378 1828 3452 sed
1884 3405 1960 3454 se
2016 3382 2093 3454 in
2148 3383 2429 3464 iudicio
2549 3478 2554 3485 .
2663 3466 2672 3479 ,

236 3478 628 3576 aggrauari
664 3476 1129 3579 permiserat.
1188 3478 1277 3552 Et
1312 3476 1608 3555 ob·hoc
1651 3481 1850 3559 idem
1906 3486 2283 3568 Ladislaus
2321 3534 2429 3554 -

234 3622 349 3635 .....
401 3620 514 3640 .-..
563 3624 671 3642 -
725 3575 1173 3683 praefatus„
1211 3588 1688 3688 procuratori
1745 3588 1919 3695 dicti
1997 3596 2425 3679 Conuentus

230 3686 334 3764 ad
369 3690 770 3791 praemissa
809 3687 1232 3765 euocandus
1270 3688 1435 3767 fore
1487 3688 1917 3790 videbatur,
1975 3727 2117 3802 pro
2157 3732 2249 3782 eo
2297 3708 2423 3783 di..

230 3812 435 3872 ctam
467 3794 1099 3871 instrumentalem
1138 3794 1673 3897 exhibitionem
1729 3801 1924 3878 inter
1981 3816 2422 3915 annotatum

228 3906 614 3996 actorem,
669 3944 772 3955 ——
833 3937 934 3955 --
996 3938 1262 4009 ·--Ι-
1311 3944 1431 3997 -,
1471 3942 1576 3962 --·
1639 3948 1740 3962 -
1801 3912 2237 4015 Dominam,
2293 3924 2422 3996 Al-

122 4006 129 4009 *
232 4010 578 4105 bertum,
632 4035 723 4088 ac
772 4007 1185 4083 Johannem
1237 4008 1524 4111 Payor,
1613 4014 1691 4086 in
1740 4042 2024 4094 causam
2071 4018 2465 4125 atti-artos,

172 4180 183 4185 ,
223 4113 331 4192 ab
357 4112 540 4211 alia,
593 4114 686 4192 ad
722 4132 1018 4194 octauas
1051 4115 1212 4192 festi
1247 4114 1827 4225 Epiphaniarum
1875 4124 2176 4210 Domini
2223 4165 2417 4251 nunc¹

1880 4226 2165 4343 33⁴¹(

842 4332 883 4377 ,
2071 4338 2184 4353 ,,
