2926 4849
2100 451 2278 536 '54¹1'

195 686 405 742 mum
444 683 583 763 per
620 672 1050 738 annotatum
1075 656 1506 763 Magistrum
1529 662 1943 768 Georgium
1975 661 2379 759 literatum,

192 796 349 847 σου,
384 767 735 868 homines⁴
763 785 842 844 et
904 767 1300 864 familiares
1359 793 1574 863 suos²
1630 768 1887 845 barum
1926 772 2213 850 scilicet
2245 801 2378 855 ex·

193 873 602 966 bibitores,
639 874 908 950 exinde
947 872 1237 980 fueritis
1265 877 1641 979 requisiti,
1681 877 1960 954 eisdem
1989 905 2218 984 super
2253 907 2380 977 e0‚‘

203 1010 355 1089 pro
415 999 604 1083 quot
657 980 1003 1062 videlicet
1050 999 1126 1058 et
1170 984 1466 1085 quantis
1503 981 1818 1059 denariis
1856 984 2185 1066 flor-enus
2218 991 2383 1065 auri

196 1091 298 1167 de
336 1090 727 1194 praetactis
760 1091 1072 1165 monetis
1098 1089 1389 1183 nostriS,
1408 1091 1673 1164 maiori
1712 1109 1789 1166 et
1821 1095 2112 1182 minori,
2148 1119 2381 1194 quar-
2465 1172 2472 1182 ,

193 1200 381 1298 ting.
430 1194 831 1300 appellata,
887 1197 965 1271 in
1016 1196 1212 1270 dicta
1252 1197 1549 1271 ciuitate
1612 1215 1859 1271 nostra
1912 1200 2381 1277 Cassouiensi

192 1307 393 1381 etin
442 1301 671 1377 vestri
721 1301 972 1376 medio
1030 1328 1324 1382 cursum
1360 1299 1585 1376 habet
1627 1319 1704 1396 et
1753 1305 2161 1397 cambitum
2215 1307 2380 1383 lite-

187 1436 328 1489 ras·
358 1427 631 1486 vestras
682 1408 1204 1491 testimoniales
1228 1464 1249 1501 ‚
1301 1408 1439 1483 sub
1494 1413 1755 1484 vestris
1803 1411 2053 1513 sigillis
2083 1410 2260 1487 dare
2300 1427 2378 1489 et

186 1515 657 1598 concedere,
714 1540 800 1590 ac
834 1519 1157 1614 emanari
1197 1511 1446 1590 facere
1491 1513 1845 1592 debeatis.
1908 1517 2003 1592 Et
2040 1518 2239 1594 aliud
2272 1517 2375 1595 fa·

189 1613 373 1702 cere
415 1650 562 1697 non
604 1623 875 1698 ausuri.
964 1623 1239 1698 Datum
1274 1621 1579 1698 Posonii
1609 1625 1694 1703 in
1733 1623 1930 1704 festo
1964 1615 2375 1701 Beatorum

190 1729 526 1807 Simonis
561 1747 637 1805 et
666 1720 859 1803 Jude
893 1728 1454 1831 Apostolorum.
1527 1730 1751 1804 Anno
1792 1732 2098 1806 Domini
2132 1731 2380 1807 mille-

189 1839 435 1931 sime,
490 1835 1214 1938 quadringentesimo
1265 1831 1635 1911 tricesimo
1682 1856 1972 1939 quarto.
2062 1840 2383 1941 Regno·-

185 1971 365 2024 rum
415 1960 848 2017 nostrorum
901 1970 1094 2017 anno
1152 1941 1535 2045 Hungarie
1579 1960 1722 2019 etc.
1783 1943 2182 2044 XLVIII-o
2226 1948 2387 2022 Ro-

187 2075 597 2126 manorum
648 2047 959 2123 XXV-o
1008 2047 1360 2125 Bohemie
1392 2048 1650 2148 ¹·X‚V·o
1701 2050 2004 2155 Imperii
2044 2075 2229 2128 vero
2263 2078 2379 2129 se-

187 2155 525 2234 cundo.“
579 2155 664 2229 L.
715 2151 795 2229 S.
900 2227 901 2232 ,
1873 2237 1878 2244 ,

279 2292 394 2351 Est
429 2286 492 2347 in
527 2287 784 2371 papiro,
825 2285 1025 2348 forma
1072 2294 1322 2370 patente
1351 2284 1589 2350 mediae
1625 2285 1904 2372 phylirae
1926 2330 1949 2365 ‚
1990 2287 2184 2373 sigillo
2213 2288 2379 2362 intus

346 2411 351 2416 ·
387 2410 695 2474 appresso·
760 2395 826 2452 ln
848 2389 1057 2474 ,eapite
1089 2389 1417 2475 scriptum:
1462 2390 1806 2453 commissio
1840 2377 2090 2475 profliria
2125 2387 2381 2456 Domini

388 2485 782 2576 Imperatoris
799 2539 820 2568 ,
865 2490 1174 2557 canonico
1198 2493 1568 2557 Reuerendo
1599 2492 1679 2555 de
1711 2494 2021 2579 Marczaly
2041 2496 2378 2561 referente.

390 2600 487 2660 Ex
503 2595 758 2660 arehiuo
794 2596 1066 2661 Ciuitatis
1097 2598 1440 2661 Cassouien.
1458 2596 1577 2662 sub
1606 2597 1809 2662 Litera
1840 2600 1912 2663 Β.
1946 2618 2068 2673 nro
2105 2600 2250 2662 193.

1067 2752 1498 2827 CCXLVII.

126 2942 136 2951 .
180 2891 590 2968 &gismundus
637 2860 847 2945 morino
899 2888 1227 2945 Wadi-cluo
1264 2878 1565 2959 'Jagenono
1612 2888 1825 2944 Polono
1839 2928 1862 2956 ‚
1934 2884 2020 2945 ad
2054 2894 2382 2951 discordiae

388 2984 801 3055 componendas
849 2980 1293 3057 contemtionem!
1326 2995 1478 3031 anno
1505 2980 1758 3047 proximo
1793 2979 2176 3037 celebrandam
2211 2987 2381 3039 indi-

389 3077 491 3130 cit·
526 3074 590 3129 A.
633 3068 791 3126 1434.

385 3174 891 3287 Sigismundus
948 3194 1088 3254 etc.
1151 3177 1444 3279 Legatis
1504 3174 1899 3264 Poloniae,
1955 3178 2376 3260 'VVladislai

175 3296 312 3375 [Li
348 3293 542 3395 regis
577 3316 742 3366 cum
784 3286 932 3363 filia
971 3283 1263 3365 Alberti
1306 3302 1381 3361 et
1424 3281 1881 3360 Elisabethae
1924 3288 2379 3367 cornubium

179 3398 691 3481 conciliaturis
729 3391 1149 3497 respondit:
1211 3390 1439 3490 ²,Non
1479 3416 1631 3466 esse
1677 3389 2067 3467 honestum
2104 3410 2378 3472 aut'ae·

177 3534 429 3613 quum
472 3504 851 3580 affinitates
888 3498 1365 3593 contrahet-Q
1420 3497 1562 3570 nisi
1603 3499 1812 3600 prius
1869 3499 2211 3576 omnibus
2249 3503 2375 3579 di·-

175 3612 543 3707 scordiis,
599 3608 923 3702 iniuriis,
980 3603 1273 3681 offensis
1307 3621 1381 3678 et
1416 3603 1904 3695 simultatibus
1927 3661 1950 3700 ,
1981 3631 2227 3715 aequo
2263 3611 2376 3684 iu-

170 3750 267 3799 re
325 3714 520 3797 inter
569 3741 787 3818 reges
837 3718 912 3788 et
968 3738 1196 3815 regna
1250 3711 1515 3784 sanatis
1555 3727 1630 3786 et
1680 3715 2105 3814 compositis
2157 3716 2377 3811 (Pro-
2435 3710 2444 3713 ’

172 3845 449 3934 pterea
483 3820 1062 3901 conuentionem
1100 3815 1698 3917 consiliariorum
1738 3820 2125 3920 Vtriusque
2160 3825 2373 3925 regni

179 3928 529 4030 indicit).'
596 3925 1225 4004 Datum-Posonii.
1297 3926 1521 3999 Anno
1556 3924 1716 4024 Dni
1772 3923 2368 4005 MCDXXXIV'.

179 4044 336 4123 etc.
374 4056 459 4116 vt
497 4062 740 4142 supra.
791 4085 800 4095 ·
1582 4040 1596 4048 ’
2269 4085 2289 4141 ἷ-

277 4164 462 4255 Apud
500 4162 862 4252 Dlugosgum
888 4161 977 4251 1⁴·
1024 4160 1131 4228 XI.
1187 4144 1311 4224 cols
1373 4155 1515 4219 671.
1560 4144 1917 4241 {Legationis
1964 4155 2145 4225 huius
2194 4166 2373 4228 eausa

1832 4253 1989 4334 35·

1561 4443 1570 4481 1
