2926 4849
667 489 819 560 818

553 720 822 799 aquam
882 690 1338 799 praedictam
1395 691 1763 796 Fyzech“.
1830 690 2095 768 Petens
2154 717 2291 769 nos
2360 692 2747 798 praefatus

550 803 870 879 Thomas
914 801 1360 905 Praeceptor
1387 859 1406 885 ,
1465 800 1712 875 debita
1750 825 1918 875 cum
1950 799 2337 893 instantia,
2393 816 2474 874 vt
2504 799 2744 877 dictos

548 892 902 985 articulos
950 932 1173 1011 super
1213 905 1405 987 dicta
1445 908 1906 1010 possessione
1962 906 2255 981 Horcha
2320 911 2741 1010 praesenti·

548 1016 688 1092 bus
733 1014 962 1087 literis
1021 1016 1284 1088 nostris
1338 1015 1849 1089 transcribi'et
1904 1015 2256 1089 transumi
2300 1012 2731 1090 faceremus.

547 1123 705 1198 Nos
769 1125 1024 1221 itaque
1079 1122 1285 1195 iustis
1340 1138 1415 1196 et
1471 1119 1813 1223 legitimis
1876 1121 2357 1223 petitionibus
2418 1119 2735 1227 praefati

545 1225 879 1303 Thomae
927 1226 1442 1329 Praeceptoris
1480 1253 1565 1301 ac
1621 1226 1936 1303 iustitiae
1999 1246 2455 1319 annuentes,
2517 1246 2737 1332 prae·-

542 1335 885 1442 sripictos
943 1334 1294 1408 articulos
1346 1359 1575 1438 super
1633 1333 1829 1409 dicta
1892 1337 2359 1437 possessione
2427 1332 2725 1411 Horclu

546 1458 854 1535 vocata,
938 1440 1449 1543 praesentibus
1522 1439 1755 1516 literis
1809 1440 1904 1516 de
1969 1441 2201 1518 verbo
2254 1440 2348 1516 ad
2416 1442 2718 1518 verbum

550 1546 943 1625 transcribi
995 1563 1075 1621 et
1112 1546 1469 1621 transumi
1516 1546 1830 1622 fecimus
1887 1545 2315 1624 vberiorem
2374 1547 2593 1625 Juris
2647 1545 2728 1623 ad

546 1653 929 1729 cautelam.
988 1653 1259 1728 Datum
1301 1654 1377 1728 in
1417 1653 1665 1756 vigilia
1703 1651 1916 1729 Beati
1959 1653 2303 1730 Andreae
2353 1654 2730 1760 Apostoli.

537 1761 765 1836 Anno
804 1760 1117 1837 Domini
1152 1758 1552 1837 Millesimo
1583 1757 2311 1866 quadringentesimo
2348 1764 2728 1868 trigesimo

543 1866 828 1963 ,sext0.‘

624 1996 674 2056 E
710 1990 928 2055 cham
958 1988 1235 2076 originali
1269 1988 1505 2054 archini
1537 1990 1878 2057 camerali:-

1359 2150 1885 2228 CCCXCVIH.

534 2298 906 2357 &ocutos-1⁶60
933 2299 1177 2353 eiusdem
1206 2300 1461 2371 Capituli
1490 2315 1688 2354 contra
1727 2298 2047 2371 Gregorium
2084 2299 2147 2352 de
2177 2293 2349 2371 Sa'gh·
2390 2300 2466 2355 A.
2513 2300 2681 2359 lm.

729 2421 952 2499 Anno
989 2420 1571 2497 MCDXXXVI.
1612 2417 1728 2495 die
1771 2437 2002 2511 sexta,
2059 2418 2238 2494 feria
2279 2420 2555 2512 tertia,
2605 2453 2723 2500 an·

537 2548 612 2605 te
653 2530 922 2605 festum
976 2524 1052 2601 S.
1115 2529 1443 2629 Georgii.
1504 2527 1995 2604 Euocatoriae
2042 2525 2364 2631 Capituli
2424 2531 2721 2607 Alben-

535 2628 672 2728 sis,
741 2661 968 2738 penes
1033 2632 1457 2708 mandatum
1518 2634 1823 2707 Comitis
1887 2632 2243 2738 Stephani
2305 2634 2400 2710 de
2456 2639 2710 2731 Bator,

529 2739 810 2817 Judicis
850 2740 1117 2815 Curiae
1160 2739 1451 2840 regiae,
1513 2742 1585 2813 in
1623 2766 1839 2815 causa
1882 2740 2304 2831 Benedicti,
2337 2742 2472 2818 lilii
2514 2746 2714 2823 Eme·

531 2850 716 2944 rici,
772 2845 864 2923 de
919 2845 1148 2922 Szent
1195 2845 1541 2939 Man-ton,
1616 2865 1874 2943 contra
1933 2849 2427 2954 Gregorium,
2487 2853 2720 2930 filium

534 2955 840 3032 Joannis
879 2953 970 3029 de
1010 2953 1200 3057 Saag
1241 2973 1315 3029 et
1347 2952 1607 3030 alios‘.“

620 3090 667 3148 E
709 3082 1078 3149 collectione
1121 3083 1306 3145 Gabr·
1353 3079 1556 3166 Nagy.

1390 3205 1847 3300 cccxclx

533 3372 743 3426 hosio
773 3385 896 3440 cap.
928 3369 1176 3425 Nitrian.
1207 3386 1314 3438 pro
1351 3365 2011 3440 Va'g-Ujhebriemt'bue.
2052 3371 2120 3425 A.
2160 3370 2313 3427 1436.

728 3486 883 3560 Nos
955 3481 1376 3586 Capitulum
1450 3483 1817 3558 Ecclesiae
1871 3483 2253 3562 Nittriens.
2302 3489 2705 3565 memoriae

538 3590 1142 3670 commendamus
1181 3648 1197 3673 ,
1299 3608 1555 3663 tenore
1625 3594 2122 3690 praesentium
2192 3594 2702 3696 significandO,

539 3699 810 3804 quihus
835 3694 1133 3803 expedit
1171 3698 1566 3771 universis:
1607 3698 1828 3785 Quod
1873 3701 2195 3776 Joannes
2235 3703 2425 3779 filius
2464 3705 2712 3796 Uczin,

539 3824 613 3884 et
647 3804 994 3905 Nicolaus
1034 3802 1290 3904 Blathy
1331 3802 1507 3876 dicti
1544 3803 1763 3879 Ciues
1796 3833 1880 3881 ac
1911 3808 2270 3884 Consules
2302 3808 2399 3886 de
2436 3810 2718 3918 oppido

540 3911 1064 4016 Vagh-Ujhely
1106 3925 1369 3986 vocato
1411 3935 1550 4012 pro
1584 3938 1661 3985 sc
1701 3918 2222 4015 personaliter,
2280 3935 2357 3994 et
2391 3946 2537 4023 pro
2578 3920 2723 3993 Du·

472 4079 481 4086 .
539 4022 728 4096 chon
771 4018 1033 4092 Judice
1079 4016 1535 4092 Buchtovich
1575 4017 1811 4103 dicto,
1871 4019 2346 4123 Sigismundo
2404 4026 2723 4101 Carnifi-

536 4156 664 4210 ce,
725 4124 1136 4202 Venceslao
1178 4124 1553 4227 Panopyl,
1584 4125 1874 4236 Joanne
1911 4126 2351 4222 venceslai,
2392 4130 2720 4209 Martino

535 4234 797 4342 Spinta
822 4285 848 4323 ‚
907 4230 1210 4308 Nicasio
1251 4231 1555 4326 Blukki,
1609 4235 1936 4312 Max-tino
1971 4238 2488 4345 Zpesnopolcz
2512 4295 2536 4334 ,
2592 4240 2716 4317 Ni·
