2926 4849
638 533 828 604 .514

562 768 735 821 cum
771 739 1046 819 iudidio
1096 743 1315 818 trium
1349 764 1764 820 marcarum
1798 768 2054 839 eorum
2078 800 2100 842 ,
2153 771 2329 822 suae
2370 745 2747 849 personali

555 851 1016 957 praesentiae
1042 904 1063 941 ‚
1117 850 1194 923 in
1223 851 1423 925 curia
1454 874 1585 924 sua
1627 847 1829 949 regia
1863 850 2219 928 exhibere
2264 868 2744 950 tenerentur3

552 987 599 1032 a
632 954 1213 1063 quibusquidem*
1248 956 1561 1046 octauis,
1594 952 1771 1027 dum
1798 959 2196 1059 praemissa
2220 960 2740 1034 instrumenta·

462 1117 476 1136 .
549 1061 642 1156 lis
670 1063 1027 1140 exhibitio
1067 1080 1314 1167 partes
1355 1063 1553 1137 inter
1595 1066 2084 1167 praescriptas
2115 1061 2234 1140 ad·
2273 1082 2576 1142 octauas
2631 1064 2740 1140 fe·

552 1174 644 1248 sti
676 1167 1255 1275 Epiphaniarum
1289 1169 1582 1243 Domini
1614 1183 1794 1244 tune'
1826 1171 2118 1246 venturi
2133 1167 2166 1260 ,*
2216 1168 2530 1246 deducta
2563 1170 2738 1249 fiais·

549 1295 707 1371 set,
759 1277 853 1351 ad
897 1301 1078 1378 quas
1112 1269 1407 1350 tandem
1454 1292 1795 1370 octauas,
1853 1276 2524 1382 quia‘praescripta
2589 1278 2741 1354 Do-

545 1386 750 1461 mina
794 1383 1053 1461 relicta
1084 1382 1431 1484 Georgii,
1469 1406 1608 1485 per
1639 1379 2003 1458 Thomam
2046 1383 2512 1461 Cruciferum
2555 1379 2733 1489 legi-

543 1495 797 1569 timum
834 1507 1417 1594 procuratorem=
1448 1483 1762 1589 praefati
1799 1492 2231 1566 Conuentus
2255 1546 2276 1585 ,
2350 1493 2429 1564 in
2479 1515 2734 1596 perso·

540 1627 637 1673 na
670 1598 1001 1674 eiusdem
1036 1595 1389 1699 congruis
1430 1591 1694 1671 diebus
1728 1598 2053 1698 ipsarum
2088 1612 2561 1689 octauarum,
2604 1623 2732 1674 eo-

542 1732 701 1781 ram
739 1705 903 1809 ipso
946 1703 1271 1778 Domino
1304 1718 1561 1806 nostro
1589 1712 1775 1803 'rege
1818 1720 2274 1807 exspectata,
2310 1731 2519 1782 suam
2560 1729 2727 1809 per·

487 1867 495 1874 -
539 1810 869 1889 sonalem
917 1813 995 1886 in
1046 1805 1545 1914 praesentiam
1580 1829 1734 1882 non
1770 1809 2131 1904 venisset,
2186 1836 2327 1888 nec
2375 1812 2724 1907 misisset,

536 1943 680 1996 nec
715 1920 1002 1995 tertiam
1065 1931 1356 2022 partem
1409 1912 1592 1989 dicti
1637 1911 1683 1987 J
1689 1910 1910 1990 udieii
1960 1916 2391 2019 persoluere
2455 1914 2724 1993 deben.

533 2024 1060 2132 pei-soluisset,
1116 2048 1197 2100 se
1261 2049 1405 2128 pro
1459 2046 1616 2110 sua
1648 2047 1801 2098 non
1861 2022 2231 2098 venientia
2302 2026 2379 2098 in
2430 2023 2720 2101 iudicio

420 2141 427 2148 '
530 2137 892 2210 consueto
932 2148 1010 2207 et
1047 2156 1188 2236 pro
1214 2156 1363 2203 non
1408 2128 1776 2205 soiutione
1812 2125 1995 2204 dicti
2024 2126 2277 2205 iudicii
2308 2129 2391 2206 in
2432 2130 2723 2235 dupplo

530 2238 905 2333 eiusdem,
982 2233 1479 2312 mediantibus
1540 2233 1699 2309 aiiis
1743 2232 1972 2309 literis
2038 2235 2191 2311 suis
2254 2236 2725 2314 iudicialibus

421 2359 434 2375 '
528 2346 800 2422 exinde
828 2341 1188 2423 confectis
1216 2343 1600 2447 aggrauari
1631 2342 2104 2444 permisisset.
2137 2341 2249 2416 Ex
2273 2341 2416 2419 hoc
2453 2344 2723 2422 eadem

529 2455 873 2538 Domina,
919 2466 1216 2554 petente
1265 2448 1595 2552 praefato
1632 2465 2121 2552 procuratore
2169 2454 2499 2528 annotati
2522 2454 2722 2529 Con-

528 2576 839 2654 uentus,
876 2560 965 2633 ad
996 2560 1390 2661 praemissa
1424 2553 1807 2631 euocanda
1845 2551 2008 2630 fore
2053 2556 2206 2632 visa
2245 2553 2524 2651 fuisset,
2567 2585 2717 2664 pro

518 2692 617 2743 eo
647 2662 1281 2767 instrumentaiem
1320 2660 1790 2763 praemissam
1811 2660 2343 2740 exhibitionem
2365 2666 2559 2751 inter
2578 2693 2716 2739 an-

524 2790 861 2850 notatum
893 2788 1219 2848 actorem
1256 2767 1352 2844 ab
1370 2794 1538 2859 vna,
1574 2784 1651 2843 et
1681 2768 1874 2844 inter
1903 2774 2396 2874 praescriptos
2426 2771 2504 2845 in
2541 2799 2715 2850 cau·

524 2907 679 2956 sam
715 2896 1061 2957 attractos
1095 2897 1308 2981 parte
1344 2875 1444 2949 ‘ab
1478 2874 1731 2968 altera,
1772 2893 2086 2979 excepta
2126 2873 2321 2951 dicta
2356 2879 2710 2973 Domina,

524 2987 616 3062 ad
655 3005 956 3064 octauas
991 2984 1159 3065 festi
1201 2984 1411 3059 Beati
1454 2983 1765 3085 Georgii
1803 2981 2154 3084 Martyris
2198 3002 2375 3059 tunc
2427 3002 2712 3060 ventu-

522 3099 636 3183 ri,
693 3120 1086 3198 prorogan.
1140 3088 1472 3167 fidelitati
1511 3088 1820 3165 Vestrae
1860 3089 2064 3163 idem
2117 3091 2478 3168 Dominus
2532 3094 2710 3168 Rex

520 3202 834 3277 firmiter
866 3197 1397 3303 praecipiendo
1436 3195 1898 3289 mandasset,
1957 3214 2318 3299 quatenus
2366 3218 2707 3276 vestrum
2779 3270 2788 3279 ,

518 3309 907 3385 mitteretis
943 3305 1320 3381 hominem
1356 3329 1499 3406 pro
1526 3303 1945 3378 testimonio
1981 3300 2124 3378 fide
2159 3301 2490 3406 dignum,
2536 3331 2703 3406 quo

518 3431 904 3520 praesente
936 3410 1162 3487 homo
1191 3436 1364 3486 suus
1397 3411 1641 3510 regius
1661 3462 1682 3500 ,
1737 3409 1928 3484 infra
1958 3409 2475 3506 declaranduS,
2529 3438 2701 3489 me-

518 3540 880 3600 moratam
914 3516 1259 3595 Nobilem
1294 3518 1712 3609 Dominam,
1743 3515 2074 3593 relictam
2113 3519 2451 3621 Georgii,
2484 3547 2702 3623 prae-

516 3631 745 3706 missa
816 3654 947 3703 sua
1002 3626 1492 3701 instrumenta
1569 3622 1868 3697 literalis
1921 3622 2373 3719 exhibitura,
2453 3651 2538 3700 ac
2592 3626 2703 3703 de

517 3736 793 3814 iudicio
830 3761 959 3810 sex
997 3756 1417 3807 marcarum
1460 3729 1505 3801 J
1510 3726 1701 3805 udici
1740 3747 1816 3806 et
1848 3735 2039 3834 parti
2077 3728 2429 3811 aduersae
2473 3735 2706 3810 satis-

517 3838 842 3935 factura,
919 3857 1177 3916 contra
1230 3854 1659 3913 annotatum
1713 3836 2181 3914 conuentum
2242 3839 2331 3913 ad
2397 3836 2708 3919 easdem

522 3972 822 4029 octauas
859 3974 1064 4022 suam
1105 3944 1570 4050 personalem
1616 3961 2021 4020 euocarent
2065 3947 2139 4019 in
2175 3947 2705 4048 praesentiam.

521 4063 613 4137 Et
643 4075 814 4164 post
849 4054 1030 4130 haec
1075 4053 1301 4156 ipsius
1328 4053 1794 4127 euocationis
1841 4045 2130 4127 seriem
2161 4078 2333 4128 eum
2393 4055 2704 4130 n‘omine

516 4182 995 4244 enecatorum
1019 4217 1037 4248 ,
1096 4157 1188 4235 ad
1226 4158 1523 4236 easdem
1560 4176 1905 4253 octauas,
1961 4158 2202 4237 eidem
2237 4175 2410 4237 su'ae
2449 4186 2707 4266 perso-
