2926 4849
620 483 773 552 216

506 687 913 783 stulerunt,
1002 689 1375 766 commisit
1424 703 1806 791 praeterea
1873 683 2244 789 praefatus
2324 685 2687 762 Dominus

509 795 679 870 Rex
720 796 1068 871 Poloniae
1107 819 1369 869 omnes
1414 791 1825 898 regnicolas
1861 790 2155 869 nostros
2179 848 2199 885 ,
2256 810 2332 868 et
2364 817 2683 893 genera-

504 899 676 977 liter
709 900 1148 1000 cunctos-ad
1183 901 1340 976 Nos
1378 901 1858 1005 pertinentes,
1914 898 2191 1001 vbique
2249 902 2412 1001 capi
2447 915 2522 973 et
2559 897 2692 973 de-

505 1007 783 1084 tineris
836 1013 1026 1086 Item
1071 1006 1394 1109 denique
1446 1033 1541 1083 ex
1593 1007 1805 1109 copia
1869 1005 2259 1082 literarum
2301 998 2499 1081 Petri
2554 1002 2695 1079 Sa·

503 1113 868 1218 phrenecz
909 1117 1206 1207 Poloni,
1261 1113 1460 1189 fideli
1495 1129 1801 1204 nostro,
1859 1112 2246 1214 Magnifico
2295 1113 2552 1205 Petro,
2605 1110 2692 1185 fi-

501 1220 620 1296 lio·
643 1224 947 1298 Henrici
984 1217 1477 1320 (Berzevitzii)
1512 1220 1864 1322 Magistro
1904 1220 2492 1296 Tauernicorum
2531 1245 2689 1292 no-

502 1345 826 1409 strorum
877 1328 1342 1438 loquentium
1395 1326 1763 1404 Maiestati
1798 1324 2103 1417 *nostrae
2148 1327 2551 1419 destinata,
2605 1323 2694 1399 il-

501 1431 631 1508 lud
673 1435 1198 1520 intelleximus,
1256 1431 1460 1540 quod
1510 1437 1665 1537 ipse
1714 1433 1972 1508 Petrus
2013 1431 2475 1538 Saphrnnecz
2510 1431 2693 1505 Ma-

500 1543 833 1619 iestatem
884 1559 1254 1636 nostram,
1347 1559 1422 1618 et
1478 1555 1790 1616 cunctos
1856 1538 1950 1615 ad
2003 1565 2139 1618 nos
2192 1545 2691 1644 pertinentes,

503 1645 901 1746 diffidauit,
957 1649 1348 1750 Nobisque
1407 1665 1482 1722 et
1524 1647 1792 1726 nostris
1839 1648 1914 1729 in
1970 1672 2426 1752 quocunque
2463 1664 2693 1750 pote-

504 1755 651 1849 rit,
708 1756 1011 1834 nocebit
1071 1771 1147 1832 et
1200 1751 1654 1859 displicebit,
1707 1751 1968 1854 sicque
2011 1782 2152 1831 nec
2204 1748 2705 1831 coniectura-'

505 1887 680 1936 mur
731 1862 967 1958 aliud,
1021 1864 1178 1937 nisi2
1216 1860 1418 1965 quod
1467 1886 1638 1937 cum
1697 1860 2028 1964 praefato
2089 1864 2418 1936 Domino
2473 1862 2692 1964 Rege

503 1967 857 2044 Poloniae
893 1969 1273 2080 oportebit
1314 1991 1449 2043 nos
1486 1966 1902 2044 necessario
1948 1965 2302 2043 deuenire
2339 1965 2430 2040 ad
2468 1991 2692 2068 guer-

503 2099 646 2152 ras.
725 2076 1006 2152 Verum
1078 2078 1250 2185 quia
1307 2073 1509 2149 idem
1574 2074 1931 2151 Dominus
1992 2071 2158 2149 Rex
2198 2073 2553 2150 Poloni'ne
2612 2091 2694 2149 et

504 2181 915 2258 sui'Poloni
955 2187 1060 2261 sic
1106 2207 1241 2257 nos
1287 2200 1362 2257 et
1401 2198 1691 2257 nostros
1728 2198 2320 2286 persequuntur,
2377 2177 2694 2281 impedi·
2762 2256 2767 2261 .

504 2312 742 2391 reque
797 2304 872 2362 et
942 2288 1354 2364 molestare
1396 2287 1777 2377 nituntur,
1863 2287 2508 2390 necessariumque
2581 2303 2696 2360 est

512 2412 955 2499 propterea,
1007 2413 1088 2470 vt
1120 2412 1194 2471 et
1230 2391 1574 2469 Nossibi
1612 2390 2004 2481 reddamus
2055 2394 2427 2471 talionem.
2506 2388 2717 2470 Ideo'

509 2498 842 2577 fidelitati
881 2502 1189 2578 Vestrae
1221 2499 1440 2574 'firmo
1485 2519 1740 2576 nostro
1781 2502 1991 2612 regio
2040 2500 2299 2577 damus
2339 2500 2474 2576 sub
2516 2499 2691 2575 edi-

515 2625 678 2702 cto,
736 2626 1100 2712 quatenus
1137 2607 1379 2684 habita
1426 2609 1923 2710 praesentium
1962 2609 2262 2703 notitia,
2319 2632 2576 2682 omnes
2616 2623 2698 2682 et

523 2715 898 2814 quoslibet
946 2715 1334 2791 consocios
1386 2730 1672 2791 vestros
1730 2713 2222 2804 Mercatores,
2294 2732 2373 2789 et
2410 2713 2697 2812 *incolas

516 2819 848 2895 Ciuitatis
909 2839 1201 2898 nostrae
1258 2818 1714 2926 praedictae,
1768 2823 1900 2920 qui
1951 2839 2198 2930 partes
2232 2823 2444 2924 regni
2483 2818 2697 2895 Polo·

516 2926 683 3001 niae
746 2928 1233 3030 perlustrare,
1289 2944 1366 3002 et
1415 2930 1491 3000 in
1553 2930 1659 3003 eis
1709 2930 2068 3023 mercari,
2134 2954 2264 3002 seu
2322 2929 2701 3028 negocinri

521 3055 1108 3132 consueuerunt,
1163 3035 1255 3110 de
1316 3031 1647 3137 partibus
1698 3033 1833 3109 illis
1885 3060 2053 3112 cum
2104 3060 2365 3110 eorum
2424 3035 2701 3108 mei-ci-

517 3144 784 3215 moniis
825 3160 899 3216 et
947 3138 1159 3218 bonis
1206 3131 1617 3231 reuocetiS,
1662 3167 1830 3246 inec
1866 3147 2252 3244 quisquam
2311 3140 2704 3234 Vestrum,

521 3245 1042 3352 dictorumque
1078 3249 1389 3324 aliorum
1420 3246 1952 3341 Mercatorum,
2007 3268 2083 3325 et
2123 3247 2528 3324 incolarum
2570 3274 2708 3322 no-

520 3370 712 3429 strae
769 3354 1095 3431 Ciuitatis
1170 3355 1633 3460 praedictae,
1708 3381 2201 3458 quaecunque
2254 3356 2705 3430 commercia

517 3484 648 3536 seu
723 3463 1274 3564 negociatione‘s
1337 3461 1477 3538 sub
1539 3488 1783 3564 poena
1841 3464 2132 3565 capitali
2186 3480 2260 3535 et
2312 3459 2503 3535 reali
2564 3487 2708 3563 per

519 3568 831 3671 amplius
882 3570 1131 3646 facere
1187 3588 1599 3673 praesumat
1622 3622 1643 3660 ‚
1699 3585 1774 3642 et
1810 3564 2086 3647 habere
2124 3568 2198 3641 in
2231 3592 2462 3667 regno
2493 3567 2709 3644 Polo·

516 3675 680 3748 niae
804 3695 1182 3754 raenotato
1211 3734 1228 3759 ,
1288 3678 1469 3781 quin
1514 3675 1747 3748 immo
1783 3678 2127 3758 omnibus
2160 3673 2450 3765 Incolis,
2507 3674 2706 3748 Mer·
2745 3767 2749 3772 .

437 3823 442 3826 -
514 3705 887 3858 caton-ibus
939 3803 1015 3862 et
1073 3781 1672 3884 negociatoribus
1729 3783 2039 3886 praefati
2094 3782 2302 3884 regni
2349 3777 2709 3856 poloniae

511 3910 768 3962 omnes
836 3891 1034 3987 vias,
1088 3908 1390 3983 stratam,
1440 3889 1702 3979 ,aditus
1762 3917 1901 3994 pro
1969 3913 2417 3993 quacunque
2472 3913 2555 3961 re
2609 3885 2709 3961 ad

507 4016 1196 4097 regnum‘nostrum
1249 3997 1751 4091 venientibus,
1810 4006 2119 4099 prorsus
2164 4011 2240 4069 et
2277 4021 2417 4099 per
2453 3993 2711 4092 omnia

507 4100 922 4197 recludatis,
983 4103 1371 4196 claudatis,
1427 4102 1857 4200 inhibeati33
1915 4102 2009 4179 de
2050 4117 2348 4178 caetero
2392 4119 2727 4204 quoque·

508 4231 764 4298 omnes
818 4227 894 4284 et
934 4212 1310 4315 quoslibet
1356 4212 1677 4287 Polonos
1705 4262 1732 4300 ‚
1789 4212 2301 4312 cuiuscunque
2357 4223 2585 4284 status
2631 4222 2710 4282 et
