2926 4849
2158 502 2310 577 378

222 726 358 788 aut
397 724 589 816 quot
638 722 719 786 et
761 724 1123 811 quantum
1160 706 1256 785 de
1295 710 1775 813 praescriptis
1815 703 2250 788 Vtilitatibus
2290 716 2417 791 vni

225 818 311 894 in
353 814 794 893 ‘earumdem
840 819 1140 902 session.
1196 816 1470 893 cedere
1523 814 1791 910 debet,
1847 814 2280 896 calculando
2336 837 2416 898 et

87 975 92 980 ·
225 921 733 1029 computando
774 948 913 1028 per
938 941 1218 1000 rectam
1252 940 1329 1000 et·
1347 925 1754 1025 congruam
1783 921 1876 998 ad
1896 940 2288 1024 aequatem
2318 925 2413 1002 ad

226 1030 549 1134 singulas
604 1049 806 1107 tres
868 1032 1225 1108 sessiones
1274 1030 1831 1135 praedictorum
1876 1030 2279 1133 praepositi
2338 1051 2414 1108 et

227 1135 730 1238 capitulorum
747 1133 1023 1213 -decem
1062 1154 1138 1212 et
1169 1154 1453 1241 septem
1491 1138 1785 1238 iugera,
1840 1151 2208 1211 terrarum
2248 1166 2408 1214 ara-

222 1241 491 1319 bilium
521 1243 926 1339 vsualium,
956 1269 1043 1321 ac
1084 1243 1238 1321 duo
1272 1243 1607 1321 falcastra
1641 1266 1870 1345 parua
1905 1241 2409 1341 foenetorum,

217 1347 674 1455 deputando.
743 1349 833 1423 Et
877 1352 987 1426 sic
1049 1348 1143 1426 ad
1187 1349 1798 1455 vpraenominatas
1872 1344 2052 1425 dicti
2114 1346 2411 1453 Capitu-

222 1454 281 1530 li
325 1456 695 1533 Ecclesiae
731 1455 1340 1562 .Wesprimiensis
1385 1480 1519 1532 sex
1566 1458 1803 1531 curias
1861 1479 1993 1530 seu
2051 1458 2415 1535 sessiones

212 1562 771 1665 iobbagionales
809 1580 1107 1641 centum
1142 1580 1218 1640 et
1248 1564 1400 1638 duo
1433 1562 1690 1667 iugera
1722 1561 2001 1636 vsualia
2041 1579 2409 1641 terrarum

211 1669 608 1771 arabilium
646 1666 1011 1748 cultarum
1050 1688 1126 1746 et
1162 1672 1604 1747 incultarum
1632 1724 1655 1764 ,
1707 1694 1795 1744 ac
1837 1664 2232 1747 duodecim
2271 1671 2415 1747 fal-³

212 1793 456 1853 castra
500 1781 705 1880 prata
744 1771 1222 1855 foenetorum
1248 1832 1272 1873 ,
1347 1778 1438 1852 ad
1479 1775 1889 1879 quamlibet
1938 1775 2223 1852 scilicet
2281 1803 2411 1854 eae

209 1882 561 1959 rumdem
582 1886 990 1959 sessionum
1011 1881 1271 1959 decem
1299 1900 1380 1960 et
1410 1900 1696 1987 septem
1725 1881 1982 1984 iugera
2013 1897 2401 1981 terrarum,

208 2015 304 2064 ac
340 1988 495 2066 duo
526 1989 865 2067 falcastra
913 1989 1427 2087 foenetorum,
1498 2015 1639 2066 nec
1690 1999 1845 2066 non
1901 2013 2175 2064 nonam
2229 2015 2411 2095 par-·
2453 2059 2459 2065 .

209 2112 366 2171 tem
410 2096 955 2202 praedictarum
1007 2094 1497 2174 ducentarum
1546 2094 2029 2201 quadraginta
2080 2113 2403 2200 ‘quatuor
2464 2171 2467 2176 ,

205 2202 640 2298 vinearum,
672 2221 850 2309 puta
886 2203 1151 2305 viginti
1186 2222 1470 2308 septem
1500 2204 1777 2298 'vineas‚
1809 2219 1889 2279 et
1923 2226 2200 2294 nonam
2238 2230 2401 2307 par·

207 2311 768 2414 praedictorum
803 2308 1063 2413 syluae
1104 2333 1192 2385 ac
1220 2309 1749 2413 virgultorum,
1808 2333 1901 2388 eo
1946 2308 2155 2413 quod
2190 2335 2400 2411 prae·

211 2421 520 2523 scriptas
565 2442 698 2494 sex
736 2418 980 2495 curias
1018 2442 1149 2494 seu
1194 2421 1557 2497 sessiones
1603 2413 2129 2521 jobagyonales
2168 2438 2403 2523 prae&

209 2521 394 2601 dicti
417 2526 739 2629 Capituli
772 2525 1345 2629 vesprimiensis
1386 2524 1481 2601 ad
1518 2526 1794 2600 'nonam
1816 2510 2103 2628 partem
2135 2527 2397 2603 sessio-

202 2656 387 2708 num
450 2628 698 2706 totalis
730 2632 1217 2738 possessionis
1247 2633 1466 2737 Nagy
1495 2630 1760 2708 Pechel
1797 2635 2128 2736 ipsorum
2171 2631 2394 2711 Prae-

204 2740 433 2841 positi
477 2757 551 2815 et
590 2737 1101 2844 Capitulorum
1158 2762 1240 2815 se
1283 2739 1695 2816 extendere
1737 2739 2258 2845 agnouissent‚
2310 2740 2390 2816 in

198 2843 426 2949 locis,
482 2848 815 2924 terminis
863 2871 950 2920 ac
1002 2842 1559 2923 limitationibus
1610 2846 2214 2922 inst-ascribendis
2259 2847 2391 2922 de·

196 2949 519 3047 dissent,
572 2955 1036 3048 statuissent,
1096 2968 1174 3027 et
1219 2953 1835 3055 commisissent,s
1861 2968 2213 3029 annotato
2268 2976 2389 3029 ea·

95 3134 102 3141 ,
194 3059 435 3162 pitulo
478 3058 848 3136 Ecclesiae
886 3060 1487 3164 wesprimiensis
1518 3077 1893 3162 perpetuo
1938 3055 2386 3160 possidenda

195 3163 779 3241 contradictione
815 3182 891 3243 et
928 3192 1083 3241 non
1118 3164 1489 3243 venientia
1519 3164 1892 3240 dictorum
1927 3165 2232 3240 Domini
2260 3168 2307 3239 J
2309 3193 2386 3243 o-

191 3274 401 3347 annis
428 3257 833 3379 Praepositi
868 3285 946 3349 et
977 3273 1295 3377 Capituli
1330 3270 1699 3349 Ecclesiae
1735 3270 2094 3348 Budensis
2132 3297 2226 3347 ex
2265 3300 2377 3348 ra·

200 3377 530 3455 tionibus
571 3379 1056 3485 infrascriptis
1115 3379 1348 3455 literis
1399 3381 1647 3560 iffiius-
1675 3377 1980 3457 Comitis
2026 3377 2382 3456 Matthaei

189 3488 632 3591 conscriptis
646 3506 681 3581 “,
728 3505 879 3561 non
916 3485 1401 3564 obstantibus.
1519 3498 1679 3564 etas·
1717 3504 1991 3581 autem,
2024 3485 2164 3564 sub
2214 3488 2378 3590 qui·

190 3589 333 3668 bus
399 3600 678 3685 nonam
789 3608 1026 3669 artem
1089 3596 1724 3700 praescriptorum
1799 3592 2399 3697 praemissorum

188 3693 408 3803 Nagy
441 3700 595 3777 salu
625 3725 670 3777 e
715 3716 720 3723 ’
766 3697 881 3802 eje
907 3755 930 3794 ,
983 3697 1128 3777 alio
1163 3704 1466 3777 nomine
1488 3698 2198 3801 Monyorosbegye,
2232 3725 2378 3777 nec

183 3831 334 3880 non
379 3806 736 3911 virgultae
767 3805 1122 3883 ‘Kulcbar
1157 3823 1757 3911 nuncupatorum
1779 3862 1801 3902 ‚
1856 3832 1943 3881 ac
1981 3807 2232 3910 viginti
2268 3832 2378 3883 se-

183 3931 391 4016 ptem
441 3919 934 4009 vineas‚'nec
970 3932 1123 3992 no'n
1176 3913 1666 4017 quadraginta
1725 3916 2067 4014 quinque
2122 3915 2377 4015 iugera

182 4036 559 4099 terrarum
581 4018 968 4097 arabilium
985 4030 1159 4097 cum'
1195 4023 1353 4097 aliis
1379 4019 1718 4097 eiusdem
1741 4020 2058 4124 Cspituli
2076 4021 2374 4123 Vespri-

177 4127 516 4221 miensis,
573 4154 661 4203 ac
696 4129 1120 4231 praedictae
1151 4129 1537 4205 ’Ecclesiae
1593 4126 2038 4221 Parocbialis
2082 4130 2375 4227 mixtim
2412 4226 2419 4233 ¹

174 4232 507 4313 adiacen.
568 4260 715 4311 nec
753 4244 910 4312 noh
958 4236 1260 4314 foeneta
1319 4235 2219 4314 duorum'faloastrorum
2271 4237 2423 4313 εἰν
