2926 4849
2104 460 2254 532 545

106 717 109 720 η
190 665 346 740 lum
382 661 715 739 eiusdem
752 664 1126 762 vergentia
1161 687 1300 765 per
1338 663 1535 764 ipsos
1572 657 1902 741 Hussitas
1936 667 2239 761 flerent,
2294 685 2372 746 et

190 769 799 862 concitarentur,
846 769 939 844 ad
985 770 1345 854 cautelam
1388 767 1768 847 destruere
1818 791 1895 847 et
1936 772 2234 850 diruere
2266 773 2373 852 fe-

191 881 448 969 cisset3
479 876 648 952 ideo
685 902 881 952 nunc
915 875 1164 950 forent
1194 873 1594 951 nonnullae
1631 878 2178 956 Ecclesiasticae
2211 908 2377 987 per-

189 1011 418 1062 sonae
459 999 534 1058 et
575 983 1022 1075 saeculares,
1065 985 1192 1086 qui
1228 983 1518 1058 ratione
1558 1000 1633 1057 et
1671 1004 2057 1087 praetextu
2098 989 2378 1065 destru-

192 1091 468 1167 ctionis
511 1110 585 1166 et
631 1090 1080 1165 Abolitionis
1121 1089 1491 1164 Ecclesiae
1532 1108 1605 1163 et
1663 1092 2065 1168 domorum
2120 1097 2382 1170 Plebs-

168 1201 361 1292 'niae
415 1196 991 1285 antedictarum,
1050 1203 1249 1298 ipsos
1304 1194 1523 1272 Ciues
1581 1215 1655 1273 et
1712 1197 2040 1301 hospites
2090 1221 2382 1278 nostros

187 1305 286 1379 de
330 1303 689 1380 Kesmark
745 1319 820 1377 et
874 1299 1269 1377 nonnullos
1327 1328 1422 1375 ex
1482 1306 1628 1398 eis,
1704 1332 1842 1408 per
1900 1297 2404 1410 litigion'arios.

189 1437 589 1516 processus
624 1408 983 1513 impedire
1008 1461 1029 1498 ‚
1085 1407 1478 1483 molestare
1516 1425 1594 1483 et
1630 1439 1902 1486 vexare
1941 1416 2388 1501 niterentur,

187 1517 430 1618 quod·
464 1517 769 1593 cederet
827 1519 907 1598 in,
933 1513 1373 1590 eorumdem
1408 1520 1945 1616 exponentium
1986 1548 2388 1624 grauamen

187 1654 351 1701 non
416 1623 788 1698 modicum
820 1631 883 1715 ,'
933 1639 1011 1697 et
1075 1623 1432 1698 iacturam
1494 1624 1971 1699 manifestam.
2070 1629 2156 1700 Et
2210 1630 2389 1732 quia

186 1734 408 1809 ruina
447 1729 890 1821 domorum,
928 1727 1040 1802 'de
1093 1729 1405 1828 quibus,
1462 1749 1542 1804 vt
1579 1736 2096 1834 praemittitur,
2151 1735 2395 1811 matta

187 1836 667 1916 incommoda
712 1836 1357 1940 praespecificatae
1398 1839 1675 1914 ciuitati
1714 1857 2013 1914 nostrae
2044 1894 2064 1933 ,
2122 1840 2278 1916 imo
2317 1859 2397 1915 et

184 1951 351 2023 toti.
376 1964 618 2020 terrae
658 1963 951 2020 nostrae
987 1942 1485 2045 Scepusiensi,
1539 1942 1632 2019 de
1667 1945 1866 2020 facto
1909 1951 2211 2022 euenire
2265 1973 2394 2049 po·
2429 1967 2434 1998 t

185 2054 546 2143 tuissent,
604 2051 831 2152 magis
873 2047 960 2123 ad
1015 2050 1437 2151 profectum
1474 2069 1546 2125 et
1586 2050 1974 2126 vtilitaiem
2034 2053 2397 2152 reipubli-

186 2188 324 2236 cae
350 2215 371 2249 ‚
433 2186 654 2263 quam
690 2165 745 2232 si
788 2184 878 2231 eo
922 2175 1082 2231 tum
1123 2155 1362 2232 saluae
1403 2161 1970 2253 remansissent3
2041 2160 2395 2236 nolumus

188 2285 598 2372 propterea
632 2267 849 2338 Ciues
896 2280 972 2338 et
1008 2261 1334 2367 hospites
1398 2280 1696 2340 nostros
1739 2263 2162 2367 praedictos
2188 2322 2230 2366 ,s
2263 2293 2397 2346 scu

189 2376 625 2479 quempiam
661 2397 751 2445 ex
793 2373 965 2474 ipsis
1008 2395 1146 2474 per
1177 2395 1675 2474 quoscunque
1713 2373 2197 2476 litigionarios
2231 2400 2406 2477 pro·

192 2508 486 2574 cessus,
523 2496 530 2502 “
566 2480 957 2556 occasione
1032 2479 1614 2580 praemissorum
1692 2478 2090 2584 impediri,
2170 2483 2402 2559 mole-

184 2592 419 2680 stari,
474 2614 603 2663 seu
650 2582 1216 2691 quomodolibet
1261 2583 1662 2665 tribulari:
1689 2585 1868 2661 ldeo
1902 2584 2237 2662 fidelitati
2275 2614 2397 2666 ve-

182 2716 392 2775 strae
462 2712 539 2771 et
595 2712 919 2769 vestrum
976 2692 1282 2769 cuilibet
1343 2690 1659 2768 firmiter
1737 2694 2240 2797 praecipimus
2318 2711 2395 2773 et

181 2801 623 2880 mandamus
650 2856 669 2891 ,
723 2817 1085 2902 quatenus
1127 2795 1501 2901 praefatos
1540 2799 1741 2873 ciues
1786 2818 1861 2874 et
1898 2800 2219 2903 hospites
2258 2826 2392 2877 no-

181 2931 387 2988 stros
418 2909 510 2983 de
554 2907 907 2980 Kesmark
946 2905 1364 3009 praedicta,
1421 2920 1551 2978 aut
1600 2910 2026 3009 quempiam
2084 2933 2180 2981 ex
2232 2908 2385 3003 eis,

181 3018 289 3093 ad
332 3020 839 3116 cuiuscunque
896 3010 1355 3102 instantiam,
1431 3028 1510 3085 et
1562 3012 2118 3112 requisitionem
2178 3038 2390 3112 prae·

184 3117 410 3202 teitu
445 3120 962 3197 destructionis
1005 3137 1075 3192 et
1117 3117 1540 3193 abolitionis
1590 3116 2130 3216 praedictarum
2170 3119 2386 3195 Paro·

183 3228 448 3308 chialis
476 3226 848 3301 Ecclesiae
886 3224 1084 3300 beati
1120 3223 1503 3300 Michaelis
1543 3220 1988 3328 Archangeli
2022 3244 2096 3302 et
2120 3225 2382 3303 domo·

155 3365 369 3415 ·rum
442 3333 831 3410 Plebaniae
907 3329 1277 3424 eiusdem,
1368 3332 1598 3408 modo
1651 3348 2032 3436 praetacto
2096 3332 2390 3427 factae,-

186 3444 742 3546 praeiudicare,
783 3439 901 3516 vel
940 3467 1122 3515 vero
1157 3457 1480 3515 arestare
1506 3440 1626 3516 vel
1660 3438 2008 3521 iudicatui
2046 3441 2379 3551 comppl-
2477 3500 2483 3505 .
2607 3476 2622 3481 ·
2683 3450 2738 3549 ξ.-

183 3553 358 3628 lere
388 3606 408 3644 ,
461 3567 538 3625 et
569 3548 1065 3650 adstringere,
1096 3548 1450 3652 ipsosque
1484 3546 1786 3652 praeuia
1823 3547 2106 3622 ratione
2130 3599 2152 3641 ‚
2196 3574 2378 3650 quo-

178 3661 312 3737 uis
340 3657 577 3732 ‘modo
612 3655 1021 3759 impedire,
1076 3656 1507 3750 molestare,
1561 3673 1687 3731 aut
1707 3658 2041 3748 ⁴vexare,
2084 3656 2162 3728 in
2207 3680 2378 3759 per-

180 3767 438 3855 sonis,
492 3762 867 3866 rebusque
907 3779 985 3837 et
1032 3764 1245 3837 bonis
1286 3788 1552 3838 eorum
1591 3783 1958 3858 nusquam
1992 3777 2071 3833 et
2099 3787 2373 3866 nequa-

184 3898 427 3975 quam
468 3870 980 3974 praesumatis,
1034 3872 1176 3942 nec
1231 3871 1386 3943 sitis
1429 3871 1583 3943 ausi
1625 3865 1846 3941 modo
1900 3866 2244 3968 aliquali,
2298 3885 2377 3948 et

185 4005 411 4057 secus
446 3979 582 4055 sub
616 3976 933 4054 obtentu
969 3972 1243 4077 gratiae
1276 3992 1572 4050 nostrae
1595 3974 1859 4050 ,facere
1901 4001 2051 4054 nun
2093 3975 2377 4050 audea-

190 4091 295 4164 tis
337 4092 435 4162 in.
466 4088 923 4191 praemissis,
1000 4094 1571 4186 praesentesque
1617 4099 1783 4185 post
1822 4080 2178 4156 lecturam
2219 4082 2379 4159 red-

195 4196 285 4272 di
349 4193 689 4270 iubemus
748 4189 1268 4295 praesentanti.
1363 4190 1640 4265 Datum
1694 4187 1999 4265 Posonii
2047 4190 2125 4263 in
2187 4185 2379 4266 festo

250 4314 261 4317 ’
314 4302 529 4379 Tom.
566 4303 662 4377 X..
697 4297 869 4375 Vol.
914 4297 1076 4373 Vn.
1761 4398 1762 4401 Ἴ
1908 4302 2004 4371 35
