2926 4849
2044 515 2191 585 587

70 705 469 783 militibus
504 712 727 787 Petro
765 728 839 788 et
865 710 1157 792 Jacobo
1194 713 1445 793 donat.
1506 717 1734 796 Anno
1781 721 2076 797 Domini
2137 719 2300 817 M-'o

80 814 606 892 CDXXXVL

180 939 506 1027 Szirmay‚
553 945 698 1008 Not.
739 916 901 1029 Tap.
949 948 1109 1010 eott.
1154 950 1389 1035 Zempl.
1432 972 1502 1037 p.
1549 949 1693 1013 291.

944 1101 1482 1181 GCCLXXIV.

86 1236 251 1290 Idem
290 1215 694 1308 &⁶31⁰st
710 1235 1003 1293 libet-caue
1032 1241 1369 1299 Judaeum·
1388 1261 1428 1298 a
1445 1263 1508 1299 u
1537 1264 1690 1301 anno
1722 1243 1881 1304 14:31⁶
1913 1254 2300 1325 transcriptas

300 1335 612 1388 uantum&
642 1347 698 1388 σε
730 1348 915 1408 auget.
958 1338 1026 1389 A.
1069 1334 1232 1393 14³6.
1768 1346 1773 1351 ’

302 1445 822 1553 sigismundus
866 1449 1006 1525 Dei
1039 1453 1285 1552 gracia
1333 1452 1849 1565 Romanorum
1886 1464 2308 1565 Imperator

92 1579 409 1660 semper
449 1556 865 1658 Augustus,
913 1583 1016 1631 ae⁴
1057 1558 1480 1662 [lungun-ie,
1526 1562 1955 1662 ‚Bohemie‚'
2000 1571 2296 1646 Dalma-

95 1665 272 1757 cie‚
330 1658 687 1757 cruneio,
744 1664 1016 1760 Rame,
1064 1663 1375 1764 Seruie,
1430 1668 1785 1765 Gallicie,
1826 1675 2303 1771 Lodomerie,

97 1769 517 1864 comanie,
574 1770 1320 1871 Balgarieque-Rex‚
1377 1777 1725 1853 omnibns
1760 1780 2025 1859 Christi
2068 1784 2311 1861 fideli·
2418 1856 2427 1865 .

101 1875 278 1971 bus,
322 1876 789 1981 presentibus
828 1879 1107 1981 pariter
1137 1896 1228 1956 et
1250 1880 1562 1975 staturis,
1608 1910 1911 1987 presens
1943 1896 2304 1994 scriptum

99 1985 558 2087 inspecturis
582 2038 604 2078 ,
677 1983 986 2061 salutem
1039 1985 1122 2060 in
1181 1988 1520 2063 omnium
1575 1990 1991 2073 Saluatore.
2092 1999 2308 2076 Ordo

104 2090 376 2175 suadet
417 2088 559 2188 (vt)
604 2116 732 2184 ea,
786 2116 938 2195 que
968 2093 1112 2167 rite
1144 2117 1714 2195 processerunt,
1771 2100 2053 2180 illibate
2114 2134 2310 2181 con-

104 2215 553 2294 mmeatum
643 2197 994 2301 equitatis
1062 2196 1157 2273 ad
1235 2203 1525 2306 apicem
1602 2209 1929 2310 pertinet
2006 2234 2305 2289 cesaree

107 2321 340 2407 atque
373 2304 670 2409 Regalis
717 2304 1221 2402 sublimitatis,
1276 2326 1355 2384 vt
1393 2326 1471 2385 et
1516 2313 1717 2388 iuste*
1748 2319 1971 2416 petita
2018 2317 2110 2392 ad
2160 2345 2308 2396 ex-
2425 2374 2431 2381 -

109 2412 524 2489 audicionis
566 2413 877 2514 gratiam
913 2409 1412 2490 admittantur.
1478 2419 1794 2497 Proinde
1841 2423 1933 2499 ad
1993 2431 2309 2503 vniuer-

108 2544 371 2596 sorum
413 2535 561 2596 tam
609 2520 1123 2622 presencium,
1177 2548 1404 2626 quam
1460 2521 1890 2608 futurorum
1952 2536 2311 2613 noticiam
2404 2535 2407 2544 ’

109 2623 374 2702 barum
420 2628 642 2703 serie.
674 2627 1016 2703 volumus
1072 2632 1516 2728 peruenire:
1576 2632 1782 2736 quod
1842 2639 2187 2719 Jacobus·
2223 2631 2309 2720 in

116 2737 435 2812 Posonio
487 2733 685 2811 Niwl
725 2732 947 2809 Judei
985 2735 1065 2809 in
1129 2735 1372 2831 nuda,
1454 2760 2003 2824 commorantes
2066 2754 2305 2846 nostri

115 2840 452 2918 culminis
493 2837 934 2916 accedentes
972 2841 1049 2914 in
1092 2862 1627 2944 conspectum,
1670 2851 1828 2925 *suis
1868 2879 1956 2929 ac
1995 2872 2301 2932 cetero-

113 2974 287 3026 rum
309 2949 827 3023 vniuersorum
859 2944 1273 3024 Judeorum
1295 3005 1313 3032 ,
1351 2948 1662 3026 vbilibet
1703 2954 1898 3032 intra
1933 2959 2299 3044 ambitum

113 3057 348 3136 nostri
382 3056 596 3159 regni
628 3052 1009 3155 Hungarie
1047 3053 1364 3158 predicti
1418 3066 2047 3141 commorancium
2072 3123 2093 3163 ,
2142 3077 2298 3144 'no-

113 3161 438 3242 minibus
473 3181 552 3240 et
585 3162 661 3234 in
703 3159 1043 3261 personis
1078 3160 1575 3242 exhibuerunt
1610 3184 1688 3242 et
1730 3191 2298 3273 praesentarunt

115 3269 330 3348 nobis
364 3264 717 3374 quasdam
748 3267 995 3342 literas
1030 3283 1315 3344 nostras
1348 3267 1719 3349 mediocri
1750 3279 1987 3383 sigillo
2009 3301 2289 3369 nostro,

118 3375 326 3481 quod
390 3363 562 3450 alias
621 3370 864 3478 apud
919 3374 1289 3450 Comitem
1342 3377 1803 3481 capellarum
1867 3406 2290 3465 nostrarum

118 3481 533 3562 Budensem
557 3538 578 3575 ‚
633 3506 777 3586 pro
815 3497 1151 3586 tempore
1185 3484 1628 3561 existentem
1654 3543 1674 3581 ,
1713 3489 2163 3588 habebatur,
2216 3515 2293 3573 et
2374 3577 2380 3585 ,

117 3587 566 3696 impendenti
600 3585 1099 3689 consignatas,
1175 3608 1518 3666 tenorem
1555 3593 1935 3674 literarum
1969 3599 2293 3705 Capituli

119 3696 444 3777 Ecclesia
480 3692 829 3770 Albensis
854 3749 874 3787 ‚
929 3696 1451 3798 tequisitarum
1485 3716 1561 3776 et
1592 3700 2059 3780 inuenturum
2089 3764 2109 3799 ‚
2164 3735 2289 3784 or-
2346 3765 2349 3774 f

117 3807 356 3885 dinem
391 3798 883 3909 quarumdam
926 3800 1235 3877 aliarum
1270 3801 1649 3882 literarum
1689 3810 1832 3883 iam
1878 3810 2006 3887 fati
2061 3813 2293 3919 Capi-

118 3913 257 3992 tuli
292 3909 813 3986 continentiam
858 3907 1231 3984 certarum
1284 3909 1666 3989 literarum
1726 3919 2293 4024 priuilegialium
2392 3983 2398 3990 .

121 4020 300 4100 olim
330 4013 596 4116 inclyti
631 4013 855 4116 Regis
898 4013 1071 4090 Bela
1129 4019 1375 4118 quarti
1423 4044 1653 4123 super
1699 4022 2160 4106 libertatibus
2219 4046 2295 4105 et

119 4125 600 4235 prerogatiuis
650 4120 1107 4197 Judaeorum
1161 4141 1725 4227 prenotatorum
1785 4128 2298 4234 confectarum

127 4252 206 4313 et
239 4244 760 4325 emanaturum,
798 4230 870 4306 in
906 4255 983 4307 se
1018 4233 1505 4328 continentes,
1537 4238 1814 4315 tenoris
1848 4240 2304 4351 subsequen-

1680 4385 1683 4390 *
1775 4342 1926 4422 50*
