2926 4849
2093 480 2243 552 75³

151 710 340 761 rum
375 699 796 763 nostrorum
837 683 1283 785 nominibus,
1317 681 1729 792 praefatum
1767 685 2168 762 Dominum
2216 684 2349 763 Ar·

154 789 720 897 diiepiscopum
791 795 866 867 in
943 794 1256 897 pacifico
1324 796 1655 872 dominio
1732 796 2349 898 praescriptarum

152 901 714 1002 possessionum
747 917 1166 978 nostrarum
1206 899 1485 978 Dehtar
1507 919 1582 976 et
1608 899 1849 982 Patak,
1891 927 2119 1003 vsque
2156 916 2351 977 tem·

153 1031 309 1107 pus
352 1001 832 1082 redemtionis
870 1006 1304 1084 earumdem
1343 1028 1607 1085 contra·
1645 1007 1949 1107 quosuis
1985 1009 2352 1110 impetito·

151 1135 323 1203 res,
376 1111 825 1198 causidicos,
881 1133 957 1191 et
985 1133 1281 1193 actores
1308 1164 1334 1208 ,
1389 1129 1834 1217 protegere,
1873 1116 2067 1189 tueri
2108 1131 2182 1188 et
2225 1113 2355 1191 de·

154 1214 501 1308 sensate,
558 1248 701 1322 pro
761 1220 884 1296 riis
929 1224 1195 1298 nostris
1236 1239 1313 1297 et
1358 1219 1795 1311 eorumdem
1847 1245 2361 1298 successorum

113 1405 120 1411 ,
154 1340 589 1401 nostrorum
628 1248 1047 1422 inanibus,
1071 1318 1164 1404 'et
1199 1324 1580 1431 expensis,
1624 1346 2033 1405 annuentes
2069 1343 2144 1401 et
2181 1352 2357 1403 con-

151 1427 511 1505 cedentes
549 1430 794 1508 eidem
834 1435 1155 1509 Domino
1196 1435 1837 1536 Archiepiscop0‚
1908 1452 1992 1510 vt
2038 1428 2222 1509 dum
2280 1452 2359 1510 et

152 1535 774 1642 quandocunque
815 1565 949 1615 nos
1008 1538 1129 1616 vel
1174 1538 1351 1615 dicti
1429 1541 1670 1617 nostri
1728 1563 2191 1615 successores
2265 1540 2361 1615 ad

154 1641 336 1715 alias
391 1646 888 1742 possessiones
953 1645 1620 1751 nostras-regales,
1694 1643 1788 1720 ad
1850 1664 2171 1722 castrum
2228 1673 2359 1723 no·

152 1766 396 1825 strum
435 1746 791 1854 Visegrad
827 1770 1247 1854 spectantes
1270 1809 1292 1853 ,
1353 1771 1429 1839 et
1465 1771 1789 1835 caeteras
1824 1750 1932 1826 ini
1968 1751 2243 1827 vicinas
2281 1771 2358 1831 et

153 1856 618 1960 propinguas
694 1878 937 1935 taxam
1014 1858 1681 1937 extraordinariam
1750 1861 2360 1963 imposuerimus,

155 1984 295 2037 seu
325 1966 609 2067 imponi
647 1965 1092 2059 fecerimus,
1151 1984 1331 2043 tunc
1373 1984 1450 2047 et
1495 1969 1652 2070 ipse
1691 1968 2052 2042 Dominus
2091 1964 2367 2059 Archi-=

153 2069 555 2173 episcopus
595 2072 686 2145 ad
743 2076 1231 2175 praescriptas
1286 2075 1785 2177 possessiones
1829 2090 2159 2162 nostras,
2234 2088 2358 2148 ea·

156 2198 484 2275 rumque
563 2178 846 2254 incolas
904 2198 1147 2253 taxam
1209 2179 1918 2272 extraordinariam,
2031 2176 2355 2255 leuem

154 2298 524 2378 tamen,
592 2302 668 2360 et
722 2285 1178 2361 moderatam
1241 2289 1687 2390 imponere,
1762 2301 1838 2361 et
1882 2281 2192 2359 eandem
2251 2286 2348 2361 ab

153 2389 333 2493 ipsis
375 2390 672 2493 exigere
704 2390 939 2467 valeat
974 2409 1201 2494 atque
1262 2396 1512 2498 possit.
1577 2386 1990 2468 Annuimus
2081 2407 2352 2467 raeter·

158 2522 247 2571 ea
308 2514 385 2573 et
440 2499 949 2599 praesentibus
1003 2502 1523 2593 concedimus,
1580 2499 1959 2603 saepefato
2019 2419 2346 2576 Bomino

160 2605 490 2707 Georgio
528 2604 1118 2711 Archiepiscopo
1146 2663 1167 2699 ‚
1201 2615 1204 2618 ’
1240 2624 1320 2682 vt
1379 2611 1533 2709 ipse
1595 2604 1692 2680 de
1742 2608 2139 2710 praetactis
2185 2606 2337 2681 suis

158 2714 530 2813 pecuniis,
593 2733 766 2813 puta
817 2714 1051 2788 tribus
1102 2714 1300 2790 mille
1360 2733 1434 2789 et
1468 2715 1888 2816 quingentis
1940 2741 2024 2787 ac
2093 2729 2339 2788 octoa-

158 2818 355 2920 ginta
415 2815 714 2894 florenis
773 2822 979 2911 auri,
1067 2849 1208 2923 pro
1281 2819 1553 2923 quibus
1613 2819 1987 2922 praefatae
2039 2837 2336 2895 nostrae

157 2925 652 3027 possessiones
697 2924 969 2999 Dehtar
1000 2947 1074 3002 et
1121 2926 1338 2999 Patak
1364 2953 1500 3030 per
1532 2943 1664 2998 nos
1689 2925 1820 3002 sibi
1849 2925 2141 3030 pignori
2163 2942 2334 3000 sunt

157 3027 549 3131 obligatae,
585 3049 715 3105 aut
753 3031 845 3106 de
873 3033 1145 3106 eisdem
1186 3027 1762 3136 possessionibus
1798 3032 1991 3103 infra
2035 3048 2330 3129 tempus

154 3136 684 3239 redemptionis
725 3139 1049 3238 ipsarum
1074 3196 1095 3234 ,
1136 3135 1557 3242 cuicunque
1585 3163 1712 3211 seu
1756 3137 2329 3242 quibuscunque

155 3243 534 3344 hominum
594 3250 965 3347 personis,
1044 3263 1170 3319 aut
1230 3246 1549 3322 ecclesiis
1595 3246 1665 3316 in
1723 3247 1873 3318 vita
1927 3245 2201 3345 pariter
2248 3259 2329 3319 et

157 3370 443 3443 morte,
503 3353 884 3443 maluerit,
919 3352 1268 3448 iiber-am,
1325 3353 1602 3444 tu'tam,
1660 3368 1735 3425 et
1772 3347 2180 3425 absolutam
2223 3349 2326 3424 di-

156 3455 556 3561 sponendi,
613 3485 745 3535 seu
790 3459 1076 3562 legandi
1131 3461 1392 3535 habeat
1444 3456 1906 3548 facultatem,
1963 3467 2037 3531 et'
2085 3451 2361 3530 θωπί-Η
2420 3543 2424 3552 .

155 3563 453 3639 modam
499 3583 972 3669 potestatem3
1030 3566 1286 3643 harum
1320 3575 1740 3641 nostrarum
1784 3566 2040 3666 vigore
2081 3577 2157 3638 et
2210 3580 2319 3637 te-

157 3672 495 3748 stimonio
523 3671 899 3747 literarum
934 3673 1274 3755 mediant.
1310 3675 1581 3746 Datum
1618 3675 1691 3744 in
1724 3670 2041 3745 Ciuitate
2073 3686 2330 3746 nostra

158 3780 630 3853 Pestiensi
693 3781 769 3852 in
828 3781 1211 3856 Dominica
1246 3782 1752 3855 reminiscere.
1808 3777 2029 3853 Anno
2080 3778 2331 3853 Domi·

157 3883 236 3958 ni
279 3880 861 3960 MCDXXXVI.
919 3887 1144 3961 Anno
1202 3886 1631 3989 Hungariae
1673 3901 1810 3958 etc.
1867 3882 2332 3985 quadragesi·
2439 3933 2443 3937 >

161 4017 284 4066 mo
339 4016 583 4082 nono,
661 3994 1172 4068 Romanorum
1228 3995 1585 4098 vigesimo
1628 4007 1886 4085 sexto,
1944 3990 2332 4065 Bohemiae

159 4093 531 4173 sedecimo
569 4101 873 4203 Imperii
919 4127 1103 4175 vero
1143 4102 1441 4175 tertio.‘⁵
1492 4097 1581 4173 L.
1639 4096 1720 4171 S.

245 4226 331 4285 Ex
364 4222 793 4305 authog'rapho
851 4221 1103 4288 Archiui
1154 4223 1521 4290 Primatialis.
1573 4226 1622 4287 Ε
1674 4222 2083 4286 munificentia
2135 4221 2342 4287 fratris

269 4303 481 4381 Tom.
520 4309 613 4381 Χ.
649 4307 820 4383 vol.
865 4308 1026 4385 Vn.
1837 4310 1936 4380 48
