2926 4849
664 495 850 576 886‘

551 708 904 806 kadlalta,
958 705 1402 813 Zygetbzel,
1454 703 1795 812 predium
1836 704 2108 812 Blasky
2160 704 2339 788 dieti
2395 708 2731 805 sundal,

552 817 879 911 Nwson,
911 814 1247 922 Apathy,
1282 832 1581 892 vocatas
1607 813 1699 891 ad
1733 817 1973 921 ipsum
1994 832 2319 894 castrum
2352 818 2733 924 peruium.

551 949 694 999 nec
724 932 872 998 non
908 923 1218 1029 piscinas
1263 924 1340 998 in
1376 920 1652 999 eisdem
1679 922 2256 1026 possessionibus
2292 941 2373 1000 et
2421 928 2735 1002 teu-ito-

550 1029 683 1113 riis
710 1028 1151 1107 eorumdem
1164 1028 1447 1107 habitas
1481 1028 1825 1106 videlicet
1838 1027 1923 1103 El
1925 1028 2446 1131 yesnetbecbe,
2478 1031 2737 1110 Holtb·

552 1134 801 1211 drawa
822 1192 846 1233 ,
897 1133 1509 1242 Apatbyneteche
1527 1191 1552 1232 ,
1605 1133 2346 1213 Dethkocznethecbe
2372 1193 2397 1234 ,
2461 1139 2734 1241 Zyget-

550 1241 906 1340 neteche,
961 1245 1543 1346 Wereczewyze
1570 1298 1594 1339 ,
1659 1264 1889 1349 penes
1942 1240 2255 1319 eandem
2304 1248 2736 1348 possessio-

549 1373 725 1426 nem
790 1347 1233 1428 Boricholcb
1299 1353 1695 1427 existentes
1716 1405 1737 1444 ,
1811 1373 1903 1433 ac
1945 1348 2120 1425 alias
2173 1352 2727 1455 possessiones,

431 1524 434 1529 .
549 1471 729 1561 puta
765 1455 975 1533 Elres
1011 1475 1088 1534 et
1126 1452 1573 1559 Zalycbnia,
1628 1472 1922 1533 vocatas
1977 1457 2057 1531 in
2113 1456 2513 1557 Grisiensi3
2568 1460 2727 1536 item

551 1562 725 1637 alias
764 1564 1264 1667 possessiones
1309 1561 1789 1653 Menthzenth
1838 1579 1913 1639 et
1950 1559 2463 1668 Simonwelge
2491 1614 2526 1658 ‚
2600 1591 2734 1642 vo-

551 1686 751 1745 catas
786 1672 861 1745 in
905 1668 1281 1747 Wereche
1313 1667 1803 1746 comitatibus
1837 1669 2239 1747 existentes
2268 1682 2353 1745 et
2386 1671 2737 1767 habim,

550 1774 768 1852 simul
801 1802 972 1852 cum
1014 1778 1430 1866 minet-sis,
1486 1774 1954 1871 vtilitatibus,
2006 1775 2420 1873 fiuctibus,
2477 1777 2739 1857 reddi·

549 1880 792 1978 tibus,
846 1899 924 1963 et
956 1889 1432 1986 pertinencys
1462 1881 1965 1988 quibuslibet,
1998 1883 2286 1961 scilicet
2317 1884 2555 1963 ten-is
2595 1914 2738 1962 ara·

547 1987 824 2064 bilibus
856 1986 1069 2091 cultis
1106 2008 1182 2068 et
1218 1988 1550 2086 incultis,
1603 2020 1645 2067 a
1733 1991 1762 2014 '‘
1817 2044 1841 2085 ,
1894 1991 2159 2093 pratis,
2212 1988 2452 2092 syluis
2486 2010 2577 2068 et
2615 2020 2735 2070 ne·

547 2096 933 2192 moribus,
990 2096 1333 2201 piscinis,
1383 2015 1866 2189 molenffi,
1919 2099 2173 2198 aquis,
2206 2121 2734 2205 aquarumque

551 2200 986 2279 decursibus
1024 2229 1112 2279 ac
1157 2202 1585 2286 vtilitatibus
1628 2230 1714 2280 ac
1753 2200 2283 2308 prouentibus‚
2341 2209 2733 2281 vinearum

550 2324 630 2384 et
665 2308 962 2385 aliarum
1000 2308 1458 2413 quibuslibet
1500 2311 1887 2385 vtilitatum
1930 2310 2481 2412 integritatibus
2528 2337 2734 2413 quo-

551 2443 709 2519 quo
771 2418 1093 2493 nominis
1159 2415 1526 2493 vocabulo
1580 2416 1953 2512 vocitatis,
2007 2416 2097 2490 ad
2166 2417 2409 2521 ipsum
2470 2420 2727 2496 castel·

549 2521 705 2597 lum
738 2540 813 2598 et
851 2521 1075 2599 dictas
1109 2526 1604 2627 possessiones
1647 2550 1733 2598 ac
1772 2522 2154 2627 praedium
2194 2544 2624 2628 spectantes
2658 2546 2727 2602 et

425 2645 428 2648 ·
546 2629 926 2732 pertinere
961 2628 1350 2723 debentes,
1422 2629 1821 2730 Magnifico
1857 2629 2235 2721 Henrico,
2302 2630 2465 2707 filio
2534 2658 2720 2707 con-

549 2734 717 2816 dam
790 2730 1140 2825 Johannis
1209 2732 1306 2808 de
1376 2732 1741 2838 Thamasy
1774 2788 1798 2829 ,
1896 2736 2169 2811 Comiti
2237 2735 2713 2831 Siculorum,

547 2866 693 2946 pro
762 2857 1081 2942 quatuor
1159 2837 1482 2916 millibus
1553 2840 1815 2918 floreni
1887 2843 2086 2938 auri,
2163 2844 2325 2919 veri
2397 2861 2482 2920 et
2552 2846 2723 2923 iusti

550 2943 947 3052 ponderis,
1036 2973 1177 3051 pro
1244 2947 1520 3051 quibus
1606 2975 1778 3051 erga
1857 2949 2098 3051 ipsum
2172 2947 2540 3026 Thomam
2619 2977 2725 3029 vs-

550 3078 702 3152 que
759 3050 849 3128 ad
909 3053 1091 3130 haec
1152 3071 1484 3159 tempora
1544 3055 2039 3131 mediantibus
2100 3054 2331 3131 literis
2394 3057 2718 3161 Capituli

545 3157 916 3238 Ecclesiae
955 3159 1313 3264 Quinque
1349 3159 1817 3237 Ecclesiensis
1859 3159 2316 3264 obligatoriis
2350 3165 2571 3238 titulo
2615 3167 2719 3269 pi-

542 3267 796 3367 gnoris
838 3261 1286 3359 extitissent,
1343 3265 1664 3360 dedisset
1693 3283 1772 3343 et
1810 3269 2405 3372 impignorasset,
2460 3296 2717 3372 ymmo

545 3370 752 3446 dedit
818 3371 1055 3447 eidem
1109 3385 1188 3447 et
1246 3374 1810 3479 impignorauit,
1864 3375 2099 3449 nostri
2164 3376 2241 3450 in
2283 3380 2712 3480 praesencia
2864 3389 2866 3398 '

541 3502 639 3554 eo
680 3478 907 3553 modo
930 3534 953 3573 ,
992 3495 1072 3557 vt
1097 3477 1276 3554 dum
1310 3494 1387 3556 et
1431 3480 1731 3586 quando
1768 3480 1965 3557 idem
2001 3479 2400 3572 Mauricius
2440 3483 2566 3558 vel
2600 3483 2702 3559 sui

539 3580 849 3660 heredes
873 3639 894 3678 ,
951 3587 1301 3691 temporis
1335 3588 1411 3663 in
1454 3610 1814 3692 processu
1849 3589 2435 3693 suprascriptum
2468 3587 2696 3668 casoel·

538 3685 696 3766 lum
735 3707 813 3766 et
852 3690 1086 3768 dictas
1113 3695 1608 3797 possessiones
1649 3719 1738 3771 ac
1777 3695 2118 3800 predium
2164 3694 2579 3773 antefatum
2601 3697 2697 3772 si-

536 3795 697 3873 mul
732 3824 900 3874 cum
940 3796 1367 3877 earumdem
1405 3799 1840 3877 vtilitatibus
1892 3801 1988 3876 ab
2042 3800 2313 3879 eodem
2383 3802 2707 3894 Hem-ico
2864 3897 2866 3900 Ι

535 3903 657 3979 vel
702 3905 860 3981 eius
901 3907 1452 3982 successoribus
1492 3909 2001 4013 suprascriptis
2042 3925 2367 4014 quatuor
2394 3909 2709 3985 millibus

533 4005 834 4100 florenis
878 4013 1039 4088 auri
1089 4013 1453 4104 redimere
1491 4016 1817 4111 valeret,
1871 4031 2146 4090 extunc
2193 4016 2393 4092 idem
2438 4016 2709 4091 Hem-i-

534 4138 665 4189 cus
697 4117 1046 4194 rehabitis
1087 4121 1419 4224 pecuniis
1467 4120 1613 4197 suis
1655 4120 2029 4217 antefatis,
2094 4122 2702 4216 dictum-castel·

533 4221 684 4294 lum
729 4248 815 4298 ac
850 4249 1068 4329 saepe
1107 4229 1411 4331 scriptas
1439 4229 1978 4332 possessiones,
2006 4229 2158 4305 imo
2198 4228 2547 4335 predium
2589 4255 2702 4304 au·
