2926 4849
684 451 842 522 922

575 656 909 735 inclinati
958 679 1047 733 ac
1089 651 1640 735 considerantes
1663 708 1690 741 ‚
1746 645 1955 754 quod
2009 645 2334 754 prefatus
2388 649 2569 723 Dux
2618 672 2730 751 pm

573 763 720 841 fide
757 759 1184 840 orthodoxa.
1210 787 1289 838 se
1326 785 1631 836 murum
1663 753 2111 847 defensionis
2145 754 2543 832 retroactis
2572 770 2727 828 tem-

575 871 885 981 poribus
942 867 1397 973 oppon'endo
1424 924 1444 951 ,
1520 863 1789 945 damna
1834 882 1910 941 et
1951 864 2273 966 pericula
2325 866 2583 964 grauia
2616 885 2733 935 nec

576 1004 730 1055 non
794 975 1300 1078 importabiles
1356 973 1783 1053 sustinuerit
1843 970 2129 1047 labores
2193 986 2270 1044 et
2354 992 2729 1072 expensas,

577 1098 806 1191 prout
833 1084 1144 1161 sustinet
1162 1081 1256 1159 de
1300 1081 1657 1187 presenti,
1698 1078 2177 1181 volentesque
2216 1074 2570 1179 predicto
2592 1072 2733 1148 Du·

578 1194 653 1269 ci
682 1191 777 1266 de
818 1188 1125 1268 alicuius
1173 1189 1687 1266 subuentionis
1722 1185 1994 1287 auxilio
2030 1182 2468 1288 prouidere.
2526 1180 2737 1257 Semi·

577 1297 944 1375 decimam
976 1301 1054 1372 i'n
1104 1295 1535 1372 Tridentina
1558 1351 1583 1388 ,
1636 1292 2076 1376 Patauiensi,
2118 1290 2633 1381 Brixienensi,
2670 1301 2739 1360 et

578 1402 996 1482 Cbiemensi
1043 1401 1366 1480 dioecesi
1399 1401 1715 1478 vbilibet
1747 1398 2171 1483 collectam,
2226 1397 2579 1500 integre,
2618 1415 2734 1468 nee

574 1538 732 1587 non
772 1514 849 1585 in
888 1513 1103 1587 terris
1143 1528 1223 1587 et
1247 1510 1428 1588 locis
1454 1507 1787 1589 Ducibus
1822 1506 2160 1605 Austrique
2199 1504 2604 1608 temporali
2632 1498 2742 1575 do-

549 1620 810 1705 *minio
833 1617 1209 1709 subiectis,
1237 1618 1323 1691 in
1352 1615 1926 1718 quibuscunque
1949 1610 2354 1716 prouinciis
2386 1636 2529 1685 seu
2562 1604 2744 1717 dioe-

576 1724 870 1802 cesibus
906 1724 1352 1815 consistant,
1403 1746 1648 1825 nuper
1696 1747 1832 1825 per
1863 1746 2001 1796 nos
2036 1718 2466 1822 impositam
2502 1732 2579 1789 et
2624 1738 2741 1817 per

573 1857 713 1919 vos
752 1832 1185 1909 auctoritate
1227 1846 1483 1906 nostra
1542 1826 1894 1904 hactenus
1940 1825 2324 1902 collectam
2381 1842 2524 1898 sen
2571 1820 2742 1895 leun·

573 1954 769 2031 tam,
821 1965 969 2042 pro
1013 1936 1488 2041 expeditione
1539 1936 1937 2039 presertim
1996 1928 2322 2007 eiusdem
2388 1930 2741 2003 exercitus

578 2042 823 2122 eidem
883 2046 1074 2120 Duci
1125 2043 1604 2136 domuimus,
1664 2036 2138 2132 tradidimus,
2235 2034 2742 2140 deputauimus

578 2168 657 2228 et
691 2154 1238 2254 assignauimus,
1271 2176 1363 2226 ac
1387 2164 1651 2227 tenore
1691 2148 2190 2252 praesentium
2216 2143 2589 2219 donamus
2624 2160 2742 2216 tw

577 2257 818 2335 dimus
853 2257 1293 2362 deputamus
1336 2275 1411 2333 et
1447 2259 1915 2360 assignamus.
1957 2252 2326 2343 Quocirca
2348 2247 2739 2325 discretio-

573 2366 655 2442 ni
681 2381 922 2448 vestre
956 2394 1096 2470 per
1130 2365 1271 2452 bec
1299 2364 1575 2470 scripta
1608 2379 1858 2441 nostra
1889 2358 2319 2436 mandamus
2341 2404 2387 2449 ,f
2408 2355 2739 2458 quatinus

575 2469 999 2550 huiusmodi
1034 2470 1606 2556 Semidecimam
1629 2498 1769 2577 per
1803 2495 1934 2544 vos
1965 2472 2044 2543 in
2080 2465 2585 2554 dioecesibus,
2620 2478 2738 2535 ter·

573 2579 714 2671 ris,
771 2597 847 2654 et
893 2580 1074 2654 locis
1109 2576 1465 2682 predictis
1505 2581 1894 2656 collectam
1924 2594 1999 2651 et
2036 2573 2396 2664 leuatam,
2437 2598 2581 2647 seu
2611 2564 2737 2643 col-

571 2682 942 2787 hgendam
968 2700 1198 2787 atque
1235 2686 1629 2762 leuandam
1670 2679 1912 2760 eidem
1940 2682 2140 2758 Duci
2174 2707 2308 2758 seu
2348 2683 2506 2756 suis
2556 2702 2735 2753 nun-

532 2793 704 2869 ·ciis
759 2791 835 2866 in
886 2790 1021 2868 hac
1077 2811 1287 2896 parte
1341 2795 1505 2870 eius
1556 2794 1856 2870 nomine
1892 2788 2175 2892 absque
2211 2787 2585 2862 dilacione
2625 2806 2739 2855 seu

584 2897 1004 2975 difficultate
1045 2898 1379 3002 qualibet
1413 2901 1647 2993 detis,
1707 2894 2007 2973 tradatis
2053 2912 2129 2970 et
2162 2894 2582 2994 assignetis3
2633 2911 2737 2962 vo-

575 3005 820 3082 lumus
846 3006 1067 3081 etiam
1086 3060 1116 3096 ,
1151 3005 1354 3110 quod
1397 3011 1459 3085 si
1491 3008 1587 3083 de
1626 3001 1977 3082 mandato
2010 3022 2264 3082 nostro
2304 3000 2514 3076 dicta
2542 2993 2737 3073 semi-

577 3110 864 3187 decima
906 3113 1147 3213 eidem
1190 3114 1428 3208 Duci,
1485 3131 1561 3190 vt
1617 3109 2032 3216 prefertur,
2111 3135 2247 3214 per
2293 3131 2436 3184 nos
2492 3101 2732 3178 donata

574 3222 798 3297 certis
827 3223 1161 3321 personis
1204 3220 1361 3295 aliis
1415 3218 1685 3296 tradita
1722 3246 1850 3298 seu
1896 3217 2073 3293 alias
2111 3215 2416 3304 forsitan
2463 3206 2733 3312 exPQSi·

574 3341 647 3401 ta
681 3327 802 3399 vel
835 3327 1188 3428 assignata
1215 3327 1588 3422 existeret,
1629 3351 1724 3400 ex
1765 3344 1942 3404 tunc
1985 3341 2265 3404 tantum
2307 3317 2559 3395 eidem
2590 3315 2723 3388 Du·

578 3434 649 3506 ci
704 3431 798 3508 de
858 3430 1354 3511 Semidecimn
1411 3433 1716 3513 aliarum
1759 3433 2181 3514 vicinarum<
2230 3428 2551 3533 partium
2610 3444 2725 3525 pa·

573 3562 711 3614 uos
799 3536 1133 3615 similiter
1198 3541 1511 3618 collecta
1589 3564 1725 3615 seu
1798 3535 2213 3642 colligenda
2272 3549 2723 3635 compensare

571 3646 852 3720 curetis
906 3670 1079 3722 cum
1140 3649 1450 3744 effectu3
1521 3674 1748 3749 super
1798 3648 1934 3747 hys
1974 3637 2511 3720 nichilominus
2568 3632 2717 3710 ἰωή-

573 3751 933 3829 moniales
1000 3751 1281 3853 Ette1·as
1329 3755 1436 3829 “ab
1494 3754 1763 3854 eodem
1802 3756 2012 3828 Duce
2048 3747 2467 3852 recepturi,
2524 3760 2596 3817 vt
2636 3757 2715 3809 ex

571 3855 715 3934 illis
751 3859 1043 3961 possitis
1078 3887 1214 3938 nos
1270 3860 1364 3939 de
1417 3864 1785 3966 premissis
1832 3861 1936 3936 sic
1972 3853 2346 3957 expositis
2402 3866 2713 3954 tempore

570 3989 707 4040 suo
760 3965 1048 4068 plenius
1093 3965 1525 4045 informare.
1584 3969 1851 4056 Datum
1890 3965 2172 4040 Basilee
2216 3963 2308 4040 Π.
2342 3958 2454 4036 Id.
2513 3944 2712 4054 (XII.)

572 4067 1058 4174 Septembris.
1093 4075 1317 4153 Anno
1340 4101 1384 4148 a
1421 4071 1817 4160 Natiuitate
1857 4072 2159 4152 Domini
2176 4052 2708 4148 MGDXXXIV·

572 4177 618 4250 J
620 4203 689 4254 o.
747 4177 1377 4286 Frendenberger.
1428 4181 1640 4263 Bulla
1681 4180 1963 4259 solita.“

666 4289 852 4352 Knrz·
898 4286 933 4351 Ι.
986 4308 1041 4351 c.
1085 4310 1201 4356 nro
1229 4289 1476 4386 XXVH·
1517 4315 1553 4359 e
1593 4285 1893 4356 tabulario
1927 4309 1974 4353 s.
2011 4310 2062 4351 a.
2105 4281 2405 4356 andob.
