2926 4849
626 467 780 547 402

512 675 891 784 hospitalis
923 666 1368 780 praescripti
1411 669 1733 749 ciuitatis
1788 685 2086 748 nostrae
2140 670 2518 776 praefatae
2571 678 2723 754 Ga-

485 787 657 862 .licz
691 786 892 863 deuii
919 799 997 860 et
1026 776 1507 883 aliquomodo
1544 776 1778 857 illiciti
1816 778 2571 881 Gubernatoressore
2614 782 2725 861 vi-

510 892 874 986 deantur,
925 901 1204 966 extunc
1245 887 1429 964 alios
1476 884 1665 964 duos
1729 911 1826 963 ex
1897 887 2326 963 consulibus
2389 886 2721 972 eiusdem

513 985 840 1080 ciuitatis
883 1011 1184 1073 nostrae
1225 993 1480 1070 Galicz
1527 990 1885 1098 prouidos
1950 1007 2028 1068 et
2091 993 2408 1071 idoneos
2465 994 2666 1077 viros
2691 1053 2718 1096 ,

510 1108 591 1183 in
645 1107 946 1182 vitricos
999 1101 1375 1207 hospitalis
1431 1102 1577 1176 iam
1632 1097 2075 1204 saepedicti,
2149 1102 2327 1200 loco
2379 1100 2718 1206 ipsorum

511 1214 788 1317 eligere
831 1228 912 1290 et
949 1210 1393 1286 constituere
1434 1206 1762 1301 debent,
1819 1211 1952 1308 qui
2009 1204 2185 1310 ipsis
2241 1211 2721 1315 pauperibus

508 1314 1305 1419 hominibusipsorum
1360 1312 1456 1390 de
1504 1313 2059 1391 necessitatibus
2106 1314 2505 1416 prouidere
2562 1319 2710 1396 de·

505 1427 753 1504 beant.
781 1425 996 1501 Item
1036 1420 1421 1515 volumus,
1478 1439 1559 1498 vt
1592 1447 1783 1514 vnus
1821 1418 2182 1497 discretus
2216 1441 2289 1499 et
2325 1418 2652 1502 deuotus
2678 1482 2703 1520 ‚

504 1531 752 1610 bonae
785 1530 1279 1610 conscientiae
1326 1528 1704 1604 Presbiter
1746 1528 1839 1605 sit
1881 1527 2213 1612 eiusdem
2262 1529 2645 1633 hospitalis
2678 1587 2704 1630 ,

506 1640 643 1744 qui
681 1640 829 1714 iam
857 1633 1243 1742 saepefatis
1275 1631 1705 1720 hominibus
1737 1632 2191 1738 pauperibus
2232 1636 2483 1714 diuina
2520 1640 2709 1713 offi-

502 1747 623 1823 cia
643 1762 982 1853 peragat,
1033 1739 1430 1843 eidemque
1475 1739 1901 1818 Presbitero
1947 1741 2460 1824 molendinum
2506 1744 2708 1822 inter

505 1869 586 1929 et
625 1855 702 1929 in
740 1848 990 1928 medio
1023 1845 1363 1936 villarum
1393 1847 1861 1924 morauicalis
1899 1866 1976 1924 et
2017 1850 2514 1927 Teutonicalis
2549 1849 2699 1926 Or·-

504 1963 725 2038 zietrs
767 1972 1195 2057 vocatarum
1243 1953 1468 2032 situm
1520 1969 1598 2030 et
1649 1951 2021 2048 habitum,
2075 1956 2413 2032 similiter
2454 1975 2697 2035 terras

504 2063 818 2143 arabiles
856 2085 1099 2166 prope
1123 2077 1202 2138 et
1232 2060 1438 2138 iuxta
1478 2063 1852 2140 ciuitatem
1874 2080 2200 2139 nostram
2240 2063 2511 2158 Galicz,
2564 2092 2699 2140 re·-

504 2191 626 2251 tro
669 2168 1044 2275 Capellam
1081 2165 1164 2243 S.
1223 2167 1532 2271 Georgii
1569 2166 1983 2247 adiacentes
2036 2184 2113 2244 et
2163 2171 2510 2262 hortum,
2563 2197 2704 2248 seu

504 2278 982 2386 pomoerium
1016 2275 1213 2358 circa
1248 2289 1325 2350 et
1360 2291 1568 2351 retro
1603 2279 2153 2381 praescriptum
2181 2274 2540 2379 hospitale
2580 2274 2703 2355 ha·

504 2389 790 2473 bitum.
846 2385 1055 2463 iuxta
1100 2380 1583 2461 collationem
1614 2398 1692 2458 et
1727 2383 2211 2462 donationem
2257 2383 2491 2462 Patris
2549 2412 2699 2463 no-

503 2501 637 2572 stri
667 2489 1124 2585 Charissimi,
1181 2490 1350 2593 piae
1382 2492 1822 2574 memoriae,
1875 2488 2284 2568 secundum
2335 2509 2697 2569 contenta

503 2602 887 2678 literarum
923 2622 1265 2691 suarum,
1319 2594 1456 2673 sub
1483 2594 1719 2696 sigillo
1759 2625 1896 2683 suo
1935 2597 2699 2703 consignaturum-de-

435 2708 444 2725 *
504 2706 749 2784 dimus
803 2704 1187 2795 effectiue3
1267 2705 1422 2779 imo
1472 2702 1777 2799 damus,
1850 2705 2241 2783 tribuimus
2289 2720 2367 2781 et
2425 2703 2695 2783 incor-

502 2839 856 2919 poramus
890 2828 1255 2915 perpetuo
1293 2826 1534 2893 tenen.
1589 2838 1843 2914 regen.
1899 2831 1974 2888 et
2015 2810 2423 2917 gubernati.
2478 2839 2695 2919 prae-

503 2922 823 2999 sentium
863 2918 1248 3001 literarum
1282 2931 1705 2997 nostrarum
1742 2921 1998 3022 vigore
2033 2916 2433 2997 mediante.
2486 2922 2695 2998 Dum

503 3045 755 3105 autem
794 3023 1123 3102 eundem
1161 3023 1661 3103 Presbiterum
1696 3023 2069 3130 hospitalis
2092 3026 2543 3132 ‘praescripti
2592 3026 2694 3105 ab
2766 3024 2773 3033 ’

373 3188 380 3195 -
431 3186 434 3191 -
504 3133 640 3212 hac
682 3136 850 3211 luce
896 3134 1217 3235 migrare
1252 3133 1691 3237 contigerit,
1745 3150 2024 3209 extunc
2062 3134 2419 3208 Consules
2474 3161 2693 3239 prae·
2760 3142 2765 3147 ’

503 3242 824 3347 scriptae
863 3239 1196 3316 Ciuitatis
1227 3254 1525 3325 nostrae
1564 3255 1642 3316 et
1682 3241 1921 3316 vitrici
1971 3234 2349 3344 hospitalis
2388 3239 2692 3346 praedi-

505 3350 648 3434 cti,
701 3347 928 3424 alium
949 3345 1190 3422 bonae
1227 3347 1721 3441 conscientiae
1757 3344 2257 3424 Presbiterum
2288 3344 2461 3423 loco
2497 3347 2688 3425 eius-
2802 3426 2811 3447 ‚

504 3456 681 3534 dem
711 3455 1165 3533 constituere
1201 3449 1520 3547 debent,
1575 3456 1704 3557 qui
1736 3453 1912 3556 ipsis
1932 3450 2397 3557 ‘pauperibus
2432 3450 2689 3530 homi-

505 3563 771 3656 nibus,
824 3578 906 3638 vt
931 3586 1153 3663 supra
1197 3574 1476 3635 tactum
1525 3576 1675 3657 est,
1727 3559 1984 3659 diuina
2036 3561 2275 3638 officia
2322 3586 2686 3667 peragere
2780 3580 2781 3587 ’

505 3668 798 3746 debeat.
849 3670 935 3743 In
976 3667 1182 3742 cuius
1217 3676 1326 3743 re!
1366 3682 1802 3773 perpetuam
1836 3669 2269 3744 memoriam
2287 3722 2309 3763 ‚
2338 3687 2686 3774 praesen·

506 3773 703 3854 tibus
731 3775 966 3852 literis
996 3771 1271 3850 nostris
1299 3772 1621 3878 sigillum
1652 3792 1989 3852 nostrum
2022 3799 2120 3850 ex
2183 3792 2386 3851 certa
2438 3774 2684 3853 scien·

502 3881 619 3960 cia
694 3899 946 3958 nostra
1004 3896 1115 3959 est
1184 3876 1759 3986 subappensum.
1840 3884 2118 3959 Datum
2186 3879 2439 3957 Galiez
2493 3879 2681 3958 feria

498 4005 770 4092 quarta
836 3988 1178 4093 proxima
1245 4003 1419 4064 ante
1478 3986 1749 4066 festum
1826 3985 2313 4065 Exaltationis
2384 4004 2679 4066 sanctae

495 4097 779 4175 Crucis.
846 4097 1070 4173 Anno
1122 4094 1432 4173 Domini
1488 4093 1883 4173 millesimo
1938 4093 2676 4202 quadringentesimo

491 4202 869 4323 uicesimo
905 4198 1223 4308 primo.“
1278 4197 1367 4279 L.
1424 4200 1505 4280 S.
1557 4199 1783 4309 pend'.
