<?xml version="1.0" encoding="UTF-8"?>
<!DOCTYPE html PUBLIC "-//W3C//DTD XHTML 1.0 Transitional//EN"
    "http://www.w3.org/TR/xhtml1/DTD/xhtml1-transitional.dtd">
<html xmlns="http://www.w3.org/1999/xhtml" xml:lang="en" lang="en">
 <head>
  <title>
</title>
<meta http-equiv="Content-Type" content="text/html;charset=utf-8" />
  <meta name='ocr-system' content='tesseract 3.04.00' />
  <meta name='ocr-capabilities' content='ocr_page ocr_carea ocr_par ocr_line ocrx_word'/>
</head>
<body>
  <div class='ocr_page' id='page_1' title='image "./codexdiplomatic00fejgoog_0756.png"; bbox 0 0 2926 4849; ppageno 0'>
   <div class='ocr_carea' id='block_1_1' title="bbox 656 467 839 536">
    <p class='ocr_par' dir='ltr' id='par_1_1' title="bbox 656 467 839 536">
     <span class='ocr_line' id='line_1_1' title="bbox 656 467 839 536; baseline -0.005 -1"><span class='ocrx_word' id='word_1_1' title='bbox 656 467 839 536; x_wconf 68' lang='lat'>‘736</span> 
     </span>
    </p>
   </div>
   <div class='ocr_carea' id='block_1_2' title="bbox 568 665 2775 4269">
    <p class='ocr_par' dir='ltr' id='par_1_2' title="bbox 568 665 2775 4269">
     <span class='ocr_line' id='line_1_2' title="bbox 584 665 2771 751; baseline -0 -2"><span class='ocrx_word' id='word_1_2' title='bbox 584 674 818 750; x_wconf 87' lang='lat' dir='ltr'>Porch</span> <span class='ocrx_word' id='word_1_3' title='bbox 856 674 1315 751; x_wconf 85' lang='lat' dir='ltr'>Palatinalem</span> <span class='ocrx_word' id='word_1_4' title='bbox 1351 702 1437 751; x_wconf 79' lang='lat' dir='ltr'>ae</span> <span class='ocrx_word' id='word_1_5' title='bbox 1483 671 1536 745; x_wconf 87' lang='lat' dir='ltr'>S</span> <span class='ocrx_word' id='word_1_6' title='bbox 1574 715 1682 732; x_wconf 91' lang='lat'>—</span> <span class='ocrx_word' id='word_1_7' title='bbox 1715 714 1816 726; x_wconf 92' lang='lat'>-</span> <span class='ocrx_word' id='word_1_8' title='bbox 1859 715 1959 725; x_wconf 96' lang='lat'>—</span> <span class='ocrx_word' id='word_1_9' title='bbox 2005 665 2490 748; x_wconf 80' lang='lat' dir='ltr'><strong>Sacerdotem</strong></span> <span class='ocrx_word' id='word_1_10' title='bbox 2535 711 2641 729; x_wconf 89' lang='lat'>-</span> <span class='ocrx_word' id='word_1_11' title='bbox 2668 712 2771 729; x_wconf 91' lang='lat'>-</span> 
     </span>
     <span class='ocr_line' id='line_1_3' title="bbox 579 779 2773 881; baseline -0.001 -27"><span class='ocrx_word' id='word_1_12' title='bbox 579 818 1289 842; x_wconf 74' lang='lat'><strong>—————</strong></span> <span class='ocrx_word' id='word_1_13' title='bbox 1340 825 1433 858; x_wconf 69' lang='lat'>,-</span> <span class='ocrx_word' id='word_1_14' title='bbox 1494 781 1850 855; x_wconf 85' lang='lat' dir='ltr'>Homines</span> <span class='ocrx_word' id='word_1_15' title='bbox 1909 779 2093 854; x_wconf 84' lang='lat' dir='ltr'>feria</span> <span class='ocrx_word' id='word_1_16' title='bbox 2160 780 2367 852; x_wconf 88' lang='lat' dir='ltr'>tertia</span> <span class='ocrx_word' id='word_1_17' title='bbox 2418 780 2773 881; x_wconf 77' lang='lat' dir='ltr'>proxima</span> 
     </span>
     <span class='ocr_line' id='line_1_4' title="bbox 568 884 2767 990; baseline -0 -28"><span class='ocrx_word' id='word_1_18' title='bbox 568 903 749 964; x_wconf 25' lang='lat' dir='ltr'>‘ante</span> <span class='ocrx_word' id='word_1_19' title='bbox 784 884 1078 963; x_wconf 81' lang='lat' dir='ltr'><strong>Festum</strong></span> <span class='ocrx_word' id='word_1_20' title='bbox 1105 889 1298 965; x_wconf 89' lang='lat' dir='ltr'>beati</span> <span class='ocrx_word' id='word_1_21' title='bbox 1317 890 1645 966; x_wconf 91' lang='lat' dir='ltr'>Thomae</span> <span class='ocrx_word' id='word_1_22' title='bbox 1675 884 2013 990; x_wconf 78' lang='lat' dir='ltr'>Apostoli</span> <span class='ocrx_word' id='word_1_23' title='bbox 2046 906 2219 961; x_wconf 90' lang='lat' dir='ltr'>tunc</span> <span class='ocrx_word' id='word_1_24' title='bbox 2249 889 2767 988; x_wconf 85' lang='lat' dir='ltr'>praeteritum,</span> 
     </span>
     <span class='ocr_line' id='line_1_5' title="bbox 578 990 2764 1100; baseline -0.002 -31"><span class='ocrx_word' id='word_1_25' title='bbox 578 993 990 1100; x_wconf 84' lang='lat' dir='ltr'>praefatum</span> <span class='ocrx_word' id='word_1_26' title='bbox 1051 997 1463 1099; x_wconf 74' lang='lat' dir='ltr'>Georgium</span> <span class='ocrx_word' id='word_1_27' title='bbox 1524 992 1751 1067; x_wconf 84' lang='lat' dir='ltr'>filium</span> <span class='ocrx_word' id='word_1_28' title='bbox 1830 995 2132 1067; x_wconf 83' lang='lat' dir='ltr'>Joannis</span> <span class='ocrx_word' id='word_1_29' title='bbox 2188 991 2280 1066; x_wconf 87' lang='lat' dir='ltr'>de</span> <span class='ocrx_word' id='word_1_30' title='bbox 2340 990 2626 1064; x_wconf 70' lang='lat' dir='ltr'>Bathor</span> <span class='ocrx_word' id='word_1_31' title='bbox 2691 996 2764 1065; x_wconf 91' lang='lat' dir='ltr'>in</span> 
     </span>
     <span class='ocr_line' id='line_1_6' title="bbox 578 1094 2769 1206; baseline -0.004 -28"><span class='ocrx_word' id='word_1_32' title='bbox 578 1104 924 1206; x_wconf 78' lang='lat' dir='ltr'>portione</span> <span class='ocrx_word' id='word_1_33' title='bbox 978 1129 1102 1177; x_wconf 86' lang='lat' dir='ltr'>sua</span> <span class='ocrx_word' id='word_1_34' title='bbox 1165 1101 1740 1177; x_wconf 82' lang='lat' dir='ltr'>Possessionaria</span> <span class='ocrx_word' id='word_1_35' title='bbox 1794 1101 1869 1173; x_wconf 87' lang='lat' dir='ltr'>in</span> <span class='ocrx_word' id='word_1_36' title='bbox 1914 1099 2366 1203; x_wconf 80' lang='lat' dir='ltr'>possessione</span> <span class='ocrx_word' id='word_1_37' title='bbox 2415 1094 2769 1199; x_wconf 71' lang='lat' dir='ltr'>Hidvegh</span> 
     </span>
     <span class='ocr_line' id='line_1_7' title="bbox 579 1206 2766 1311; baseline -0.002 -27"><span class='ocrx_word' id='word_1_38' title='bbox 579 1226 835 1285; x_wconf 77' lang='lat' dir='ltr'>vocata</span> <span class='ocrx_word' id='word_1_39' title='bbox 869 1207 1110 1282; x_wconf 82' lang='lat' dir='ltr'>habita</span> <span class='ocrx_word' id='word_1_40' title='bbox 1142 1209 1543 1311; x_wconf 86' lang='lat' dir='ltr'>praemissa</span> <span class='ocrx_word' id='word_1_41' title='bbox 1561 1206 1906 1280; x_wconf 83' lang='lat' dir='ltr'>Literalia</span> <span class='ocrx_word' id='word_1_42' title='bbox 1941 1233 2067 1279; x_wconf 89' lang='lat' dir='ltr'>sua</span> <span class='ocrx_word' id='word_1_43' title='bbox 2100 1208 2598 1280; x_wconf 76' lang='lat' dir='ltr'>Instrumenta</span> <span class='ocrx_word' id='word_1_44' title='bbox 2644 1231 2766 1281; x_wconf 81' lang='lat' dir='ltr'>ex-</span> 
     </span>
     <span class='ocr_line' id='line_1_8' title="bbox 577 1311 2768 1392; baseline -0.002 -3"><span class='ocrx_word' id='word_1_45' title='bbox 577 1311 983 1391; x_wconf 84' lang='lat' dir='ltr'>hibiturum</span> <span class='ocrx_word' id='word_1_46' title='bbox 1031 1335 1291 1392; x_wconf 82' lang='lat' dir='ltr'>contra</span> <span class='ocrx_word' id='word_1_47' title='bbox 1340 1331 1765 1390; x_wconf 81' lang='lat' dir='ltr'>annotatam</span> <span class='ocrx_word' id='word_1_48' title='bbox 1798 1312 2124 1385; x_wconf 83' lang='lat' dir='ltr'>nobilem</span> <span class='ocrx_word' id='word_1_49' title='bbox 2174 1312 2570 1385; x_wconf 86' lang='lat' dir='ltr'>Dominam</span> <span class='ocrx_word' id='word_1_50' title='bbox 2603 1311 2768 1387; x_wconf 81' lang='lat' dir='ltr'>Ele-</span> 
     </span>
     <span class='ocr_line' id='line_1_9' title="bbox 578 1416 2770 1520; baseline -0.001 -25"><span class='ocrx_word' id='word_1_51' title='bbox 578 1450 745 1496; x_wconf 83' lang='lat' dir='ltr'>nam</span> <span class='ocrx_word' id='word_1_52' title='bbox 792 1439 1120 1495; x_wconf 84' lang='lat' dir='ltr'>vocatam</span> <span class='ocrx_word' id='word_1_53' title='bbox 1166 1421 1253 1495; x_wconf 91' lang='lat' dir='ltr'>ad</span> <span class='ocrx_word' id='word_1_54' title='bbox 1307 1421 1536 1497; x_wconf 84' lang='lat' dir='ltr'>dictas</span> <span class='ocrx_word' id='word_1_55' title='bbox 1588 1438 1882 1497; x_wconf 84' lang='lat' dir='ltr'>octavas</span> <span class='ocrx_word' id='word_1_56' title='bbox 1938 1419 2122 1491; x_wconf 84' lang='lat' dir='ltr'>Festi</span> <span class='ocrx_word' id='word_1_57' title='bbox 2182 1416 2770 1520; x_wconf 85' lang='lat' dir='ltr'>Epiphaniarum</span> 
     </span>
     <span class='ocr_line' id='line_1_10' title="bbox 579 1524 2770 1631; baseline -0.001 -29"><span class='ocrx_word' id='word_1_58' title='bbox 579 1527 877 1602; x_wconf 89' lang='lat' dir='ltr'>Domini</span> <span class='ocrx_word' id='word_1_59' title='bbox 936 1527 1416 1630; x_wconf 35' lang='lat' dir='ltr'>Paiatinaiem·</span> <span class='ocrx_word' id='word_1_60' title='bbox 1455 1530 1532 1601; x_wconf 90' lang='lat' dir='ltr'>in</span> <span class='ocrx_word' id='word_1_61' title='bbox 1579 1525 2066 1631; x_wconf 79' lang='lat' dir='ltr'>praesentiam</span> <span class='ocrx_word' id='word_1_62' title='bbox 2118 1524 2440 1625; x_wconf 83' lang='lat' dir='ltr'>legitime</span> <span class='ocrx_word' id='word_1_63' title='bbox 2490 1552 2770 1599; x_wconf 79' lang='lat' dir='ltr'>evoca-</span> 
     </span>
     <span class='ocr_line' id='line_1_11' title="bbox 583 1629 2771 1736; baseline -0.001 -27"><span class='ocrx_word' id='word_1_64' title='bbox 583 1652 735 1709; x_wconf 90' lang='lat' dir='ltr'>tum</span> <span class='ocrx_word' id='word_1_65' title='bbox 791 1638 1196 1726; x_wconf 85' lang='lat' dir='ltr'>exstitisse,</span> <span class='ocrx_word' id='word_1_66' title='bbox 1252 1632 1454 1709; x_wconf 87' lang='lat' dir='ltr'>Idem</span> <span class='ocrx_word' id='word_1_67' title='bbox 1516 1633 1877 1712; x_wconf 89' lang='lat' dir='ltr'>Dominus</span> <span class='ocrx_word' id='word_1_68' title='bbox 1919 1632 2284 1730; x_wconf 79' lang='lat' dir='ltr'>Georgius</span> <span class='ocrx_word' id='word_1_69' title='bbox 2323 1629 2771 1736; x_wconf 81' lang='lat' dir='ltr'>Archi-Epi-</span> 
     </span>
     <span class='ocr_line' id='line_1_12' title="bbox 578 1737 2772 1845; baseline -0.002 -27"><span class='ocrx_word' id='word_1_70' title='bbox 578 1765 848 1845; x_wconf 83' lang='lat' dir='ltr'>scopus</span> <span class='ocrx_word' id='word_1_71' title='bbox 896 1741 1374 1845; x_wconf 83' lang='lat' dir='ltr'>comperisset</span> <span class='ocrx_word' id='word_1_72' title='bbox 1424 1739 1849 1832; x_wconf 85' lang='lat' dir='ltr'>manifeste,</span> <span class='ocrx_word' id='word_1_73' title='bbox 1903 1765 1943 1809; x_wconf 87' lang='lat' dir='ltr'>a</span> <span class='ocrx_word' id='word_1_74' title='bbox 1994 1737 2264 1839; x_wconf 83' lang='lat' dir='ltr'>quibus</span> <span class='ocrx_word' id='word_1_75' title='bbox 2315 1738 2636 1838; x_wconf 87' lang='lat' dir='ltr'>quidem</span> <span class='ocrx_word' id='word_1_76' title='bbox 2693 1767 2772 1813; x_wconf 93' lang='lat' dir='ltr'>o-</span> 
     </span>
     <span class='ocr_line' id='line_1_13' title="bbox 580 1841 2774 1949; baseline -0.002 -26"><span class='ocrx_word' id='word_1_77' title='bbox 580 1850 804 1923; x_wconf 85' lang='lat' dir='ltr'>ctavis</span> <span class='ocrx_word' id='word_1_78' title='bbox 840 1850 1011 1948; x_wconf 87' lang='lat' dir='ltr'>quia</span> <span class='ocrx_word' id='word_1_79' title='bbox 1045 1844 1413 1949; x_wconf 83' lang='lat' dir='ltr'>praefatus</span> <span class='ocrx_word' id='word_1_80' title='bbox 1458 1845 1878 1949; x_wconf 83' lang='lat' dir='ltr'>Stephanus</span> <span class='ocrx_word' id='word_1_81' title='bbox 1911 1843 2100 1918; x_wconf 84' lang='lat' dir='ltr'>filius</span> <span class='ocrx_word' id='word_1_82' title='bbox 2139 1841 2475 1918; x_wconf 83' lang='lat' dir='ltr'>Stanislai</span> <span class='ocrx_word' id='word_1_83' title='bbox 2510 1844 2614 1920; x_wconf 90' lang='lat' dir='ltr'>de</span> <span class='ocrx_word' id='word_1_84' title='bbox 2647 1846 2774 1919; x_wconf 64' lang='lat'>134-</span> 
     </span>
     <span class='ocr_line' id='line_1_14' title="bbox 579 1949 2771 2055; baseline 0 -27"><span class='ocrx_word' id='word_1_85' title='bbox 579 1954 748 2032; x_wconf 89' lang='lat' dir='ltr'>thor</span> <span class='ocrx_word' id='word_1_86' title='bbox 799 1954 1080 2054; x_wconf 88' lang='lat' dir='ltr'>absque</span> <span class='ocrx_word' id='word_1_87' title='bbox 1134 1955 1343 2027; x_wconf 89' lang='lat' dir='ltr'>cuius</span> <span class='ocrx_word' id='word_1_88' title='bbox 1414 1952 1699 2029; x_wconf 85' lang='lat' dir='ltr'>scilicet</span> <span class='ocrx_word' id='word_1_89' title='bbox 1757 1949 2377 2055; x_wconf 74' lang='lat' dir='ltr'>praesentialitate</span> <span class='ocrx_word' id='word_1_90' title='bbox 2425 1952 2593 2052; x_wconf 88' lang='lat' dir='ltr'>ipsa</span> <span class='ocrx_word' id='word_1_91' title='bbox 2652 1958 2771 2028; x_wconf 86' lang='lat' dir='ltr'>In-</span> 
     </span>
     <span class='ocr_line' id='line_1_15' title="bbox 579 2057 2768 2158; baseline -0 -23"><span class='ocrx_word' id='word_1_92' title='bbox 579 2060 1077 2137; x_wconf 82' lang='lat' dir='ltr'>strumentalis</span> <span class='ocrx_word' id='word_1_93' title='bbox 1125 2058 1502 2134; x_wconf 81' lang='lat' dir='ltr'>Exhibitio</span> <span class='ocrx_word' id='word_1_94' title='bbox 1540 2058 1702 2134; x_wconf 77' lang='lat' dir='ltr'>{ieri</span> <span class='ocrx_word' id='word_1_95' title='bbox 1759 2057 2249 2158; x_wconf 83' lang='lat' dir='ltr'>nequiuisset,</span> <span class='ocrx_word' id='word_1_96' title='bbox 2321 2075 2396 2131; x_wconf 90' lang='lat' dir='ltr'>et</span> <span class='ocrx_word' id='word_1_97' title='bbox 2453 2061 2768 2134; x_wconf 70' lang='lat' dir='ltr'>Ten-min</span> 
     </span>
     <span class='ocr_line' id='line_1_16' title="bbox 579 2164 2773 2269; baseline 0.001 -29"><span class='ocrx_word' id='word_1_98' title='bbox 579 2168 655 2241; x_wconf 91' lang='lat' dir='ltr'>in</span> <span class='ocrx_word' id='word_1_99' title='bbox 689 2168 1176 2268; x_wconf 87' lang='lat' dir='ltr'>praesentiam</span> <span class='ocrx_word' id='word_1_100' title='bbox 1212 2168 1434 2269; x_wconf 83' lang='lat' dir='ltr'>ipsius</span> <span class='ocrx_word' id='word_1_101' title='bbox 1472 2164 1781 2268; x_wconf 82' lang='lat' dir='ltr'>Georgii</span> <span class='ocrx_word' id='word_1_102' title='bbox 1832 2165 2158 2239; x_wconf 90' lang='lat' dir='ltr'>Dominii</span> <span class='ocrx_word' id='word_1_103' title='bbox 2201 2164 2773 2268; x_wconf 80' lang='lat' dir='ltr'>Archi-Episco-</span> 
     </span>
     <span class='ocr_line' id='line_1_17' title="bbox 579 2267 2771 2377; baseline 0.002 -33"><span class='ocrx_word' id='word_1_104' title='bbox 579 2273 654 2377; x_wconf 88' lang='lat' dir='ltr'>pi</span> <span class='ocrx_word' id='word_1_105' title='bbox 692 2300 843 2347; x_wconf 90' lang='lat' dir='ltr'>non</span> <span class='ocrx_word' id='word_1_106' title='bbox 883 2273 1244 2362; x_wconf 79' lang='lat' dir='ltr'>venisset,</span> <span class='ocrx_word' id='word_1_107' title='bbox 1302 2298 1548 2373; x_wconf 84' lang='lat' dir='ltr'>neque</span> <span class='ocrx_word' id='word_1_108' title='bbox 1595 2272 1948 2358; x_wconf 87' lang='lat' dir='ltr'>misisset,</span> <span class='ocrx_word' id='word_1_109' title='bbox 2004 2296 2083 2346; x_wconf 88' lang='lat' dir='ltr'>se</span> <span class='ocrx_word' id='word_1_110' title='bbox 2142 2267 2516 2346; x_wconf 88' lang='lat' dir='ltr'>mediante</span> <span class='ocrx_word' id='word_1_111' title='bbox 2558 2273 2771 2351; x_wconf 86' lang='lat' dir='ltr'>Lite-</span> 
     </span>
     <span class='ocr_line' id='line_1_18' title="bbox 579 2373 2772 2483; baseline 0.001 -29"><span class='ocrx_word' id='word_1_112' title='bbox 579 2381 677 2454; x_wconf 90' lang='lat' dir='ltr'>ris</span> <span class='ocrx_word' id='word_1_113' title='bbox 716 2378 1041 2455; x_wconf 89' lang='lat' dir='ltr'>eiusdem</span> <span class='ocrx_word' id='word_1_114' title='bbox 1082 2376 1699 2483; x_wconf 84' lang='lat' dir='ltr'>Archi—Episcopi</span> <span class='ocrx_word' id='word_1_115' title='bbox 1738 2373 2214 2451; x_wconf 86' lang='lat' dir='ltr'>Judicialibus</span> <span class='ocrx_word' id='word_1_116' title='bbox 2266 2378 2537 2453; x_wconf 80' lang='lat' dir='ltr'>exinde</span> <span class='ocrx_word' id='word_1_117' title='bbox 2585 2407 2772 2456; x_wconf 85' lang='lat' dir='ltr'>con-</span> 
     </span>
     <span class='ocr_line' id='line_1_19' title="bbox 577 2486 2772 2590; baseline 0.001 -30"><span class='ocrx_word' id='word_1_118' title='bbox 577 2487 792 2560; x_wconf 86' lang='lat' dir='ltr'>fectis</span> <span class='ocrx_word' id='word_1_119' title='bbox 832 2489 901 2558; x_wconf 90' lang='lat' dir='ltr'>in</span> <span class='ocrx_word' id='word_1_120' title='bbox 942 2486 1238 2560; x_wconf 86' lang='lat' dir='ltr'>Judicio</span> <span class='ocrx_word' id='word_1_121' title='bbox 1303 2513 1639 2589; x_wconf 77' lang='lat' dir='ltr'>aggrava.</span> <span class='ocrx_word' id='word_1_122' title='bbox 1702 2486 2171 2589; x_wconf 88' lang='lat' dir='ltr'>permittente</span> <span class='ocrx_word' id='word_1_123' title='bbox 2217 2511 2357 2588; x_wconf 87' lang='lat' dir='ltr'>pro</span> <span class='ocrx_word' id='word_1_124' title='bbox 2391 2512 2485 2560; x_wconf 92' lang='lat' dir='ltr'>eo</span> <span class='ocrx_word' id='word_1_125' title='bbox 2519 2489 2772 2590; x_wconf 81' lang='lat' dir='ltr'>ipsam</span> 
     </span>
     <span class='ocr_line' id='line_1_20' title="bbox 580 2588 2774 2669; baseline 0.003 -7"><span class='ocrx_word' id='word_1_126' title='bbox 580 2589 1219 2666; x_wconf 81' lang='lat' dir='ltr'>Instrumentalem</span> <span class='ocrx_word' id='word_1_127' title='bbox 1275 2588 1827 2667; x_wconf 78' lang='lat' dir='ltr'>Exhibitionem</span> <span class='ocrx_word' id='word_1_128' title='bbox 1877 2595 2066 2665; x_wconf 89' lang='lat' dir='ltr'>inter</span> <span class='ocrx_word' id='word_1_129' title='bbox 2109 2608 2533 2666; x_wconf 84' lang='lat' dir='ltr'>annotatam</span> <span class='ocrx_word' id='word_1_130' title='bbox 2595 2595 2774 2669; x_wconf 89' lang='lat' dir='ltr'>No-</span> 
     </span>
     <span class='ocr_line' id='line_1_21' title="bbox 578 2698 2772 2789; baseline 0.001 -16"><span class='ocrx_word' id='word_1_131' title='bbox 578 2698 803 2773; x_wconf 76' lang='lat' dir='ltr'>bilem</span> <span class='ocrx_word' id='word_1_132' title='bbox 859 2699 1247 2770; x_wconf 80' lang='lat' dir='ltr'>Dominam</span> <span class='ocrx_word' id='word_1_133' title='bbox 1297 2699 1517 2771; x_wconf 80' lang='lat' dir='ltr'>Elena</span> <span class='ocrx_word' id='word_1_134' title='bbox 1584 2715 1917 2772; x_wconf 89' lang='lat' dir='ltr'>vocatam</span> <span class='ocrx_word' id='word_1_135' title='bbox 1978 2701 2343 2772; x_wconf 83' lang='lat' dir='ltr'>Actricem</span> <span class='ocrx_word' id='word_1_136' title='bbox 2405 2699 2501 2772; x_wconf 84' lang='lat' dir='ltr'>ab</span> <span class='ocrx_word' id='word_1_137' title='bbox 2562 2729 2772 2789; x_wconf 83' lang='lat' dir='ltr'>una,</span> 
     </span>
     <span class='ocr_line' id='line_1_22' title="bbox 580 2802 2775 2912; baseline 0.002 -33"><span class='ocrx_word' id='word_1_138' title='bbox 580 2830 720 2879; x_wconf 87' lang='lat' dir='ltr'>nee</span> <span class='ocrx_word' id='word_1_139' title='bbox 777 2829 924 2878; x_wconf 89' lang='lat' dir='ltr'>non</span> <span class='ocrx_word' id='word_1_140' title='bbox 972 2803 1385 2879; x_wconf 83' lang='lat' dir='ltr'>Ladislaum</span> <span class='ocrx_word' id='word_1_141' title='bbox 1421 2803 1652 2878; x_wconf 85' lang='lat' dir='ltr'>filium</span> <span class='ocrx_word' id='word_1_142' title='bbox 1702 2802 1883 2879; x_wconf 86' lang='lat' dir='ltr'>dicti</span> <span class='ocrx_word' id='word_1_143' title='bbox 1922 2806 2222 2879; x_wconf 81' lang='lat' dir='ltr'>Joannls</span> <span class='ocrx_word' id='word_1_144' title='bbox 2275 2803 2400 2878; x_wconf 76' lang='lat' dir='ltr'>filii</span> <span class='ocrx_word' id='word_1_145' title='bbox 2450 2809 2775 2912; x_wconf 80' lang='lat' dir='ltr'>Georgii</span> 
     </span>
     <span class='ocr_line' id='line_1_23' title="bbox 579 2907 2773 3009; baseline 0.002 -24"><span class='ocrx_word' id='word_1_146' title='bbox 579 2912 672 2985; x_wconf 90' lang='lat' dir='ltr'>de</span> <span class='ocrx_word' id='word_1_147' title='bbox 709 2907 1025 3001; x_wconf 68' lang='lat' dir='ltr'>Bathor,</span> <span class='ocrx_word' id='word_1_148' title='bbox 1072 2913 1155 2983; x_wconf 81' lang='lat' dir='ltr'>&#39;in</span> <span class='ocrx_word' id='word_1_149' title='bbox 1187 2935 1412 3009; x_wconf 83' lang='lat' dir='ltr'>quem</span> <span class='ocrx_word' id='word_1_150' title='bbox 1454 2929 1752 2986; x_wconf 86' lang='lat' dir='ltr'>mortuo</span> <span class='ocrx_word' id='word_1_151' title='bbox 1784 2913 1944 3009; x_wconf 81' lang='lat' dir='ltr'>ipso</span> <span class='ocrx_word' id='word_1_152' title='bbox 1981 2914 2308 3009; x_wconf 83' lang='lat' dir='ltr'>Georgio</span> <span class='ocrx_word' id='word_1_153' title='bbox 2358 2910 2587 2987; x_wconf 83' lang='lat' dir='ltr'>fratre</span> <span class='ocrx_word' id='word_1_154' title='bbox 2629 2941 2773 2989; x_wconf 85' lang='lat' dir='ltr'>suo</span> 
     </span>
     <span class='ocr_line' id='line_1_24' title="bbox 580 3014 2772 3117; baseline 0 -22"><span class='ocrx_word' id='word_1_155' title='bbox 580 3016 870 3095; x_wconf 83' lang='lat' dir='ltr'>Carnali</span> <span class='ocrx_word' id='word_1_156' title='bbox 926 3021 1079 3117; x_wconf 81' lang='lat' dir='ltr'>ipsa</span> <span class='ocrx_word' id='word_1_157' title='bbox 1138 3016 1716 3092; x_wconf 81' lang='lat' dir='ltr'>Instrumentaiis</span> <span class='ocrx_word' id='word_1_158' title='bbox 1769 3014 2125 3092; x_wconf 78' lang='lat' dir='ltr'>exhibitio</span> <span class='ocrx_word' id='word_1_159' title='bbox 2182 3017 2427 3093; x_wconf 85' lang='lat' dir='ltr'>suisset</span> <span class='ocrx_word' id='word_1_160' title='bbox 2485 3019 2772 3095; x_wconf 84' lang='lat' dir='ltr'>conde·</span> 
     </span>
     <span class='ocr_line' id='line_1_25' title="bbox 579 3123 2770 3215; baseline 0.002 -17"><span class='ocrx_word' id='word_1_161' title='bbox 579 3150 827 3198; x_wconf 72' lang='lat' dir='ltr'>scensa</span> <span class='ocrx_word' id='word_1_162' title='bbox 858 3179 877 3215; x_wconf 92' lang='lat'><strong>‚</strong></span> <span class='ocrx_word' id='word_1_163' title='bbox 935 3126 1008 3197; x_wconf 92' lang='lat' dir='ltr'>in</span> <span class='ocrx_word' id='word_1_164' title='bbox 1048 3124 1345 3199; x_wconf 84' lang='lat' dir='ltr'>Causam</span> <span class='ocrx_word' id='word_1_165' title='bbox 1384 3141 1775 3199; x_wconf 84' lang='lat' dir='ltr'>attractum</span> <span class='ocrx_word' id='word_1_166' title='bbox 1817 3123 1909 3197; x_wconf 76' lang='lat' dir='ltr'>ab</span> <span class='ocrx_word' id='word_1_167' title='bbox 1943 3126 2079 3199; x_wconf 81' lang='lat' dir='ltr'>alia</span> <span class='ocrx_word' id='word_1_168' title='bbox 2109 3181 2126 3204; x_wconf 88' lang='lat'>,</span> <span class='ocrx_word' id='word_1_169' title='bbox 2183 3123 2272 3197; x_wconf 89' lang='lat' dir='ltr'>ad</span> <span class='ocrx_word' id='word_1_170' title='bbox 2308 3144 2608 3201; x_wconf 75' lang='lat' dir='ltr'>octavas</span> <span class='ocrx_word' id='word_1_171' title='bbox 2639 3128 2700 3200; x_wconf 86' lang='lat' dir='ltr'>F</span> <span class='ocrx_word' id='word_1_172' title='bbox 2701 3157 2770 3203; x_wconf 90' lang='lat' dir='ltr'>e·</span> 
     </span>
     <span class='ocr_line' id='line_1_26' title="bbox 579 3230 2766 3335; baseline 0.001 -31"><span class='ocrx_word' id='word_1_173' title='bbox 579 3233 671 3306; x_wconf 86' lang='lat' dir='ltr'>sti</span> <span class='ocrx_word' id='word_1_174' title='bbox 733 3230 1300 3333; x_wconf 82' lang='lat' dir='ltr'>Epiphaniarum</span> <span class='ocrx_word' id='word_1_175' title='bbox 1372 3231 1666 3305; x_wconf 81' lang='lat' dir='ltr'>Domini</span> <span class='ocrx_word' id='word_1_176' title='bbox 1736 3248 1909 3305; x_wconf 88' lang='lat' dir='ltr'>tunc</span> <span class='ocrx_word' id='word_1_177' title='bbox 1982 3231 2272 3305; x_wconf 83' lang='lat' dir='ltr'>venturi</span> <span class='ocrx_word' id='word_1_178' title='bbox 2342 3258 2766 3335; x_wconf 78' lang='lat' dir='ltr'>prorogans</span> 
     </span>
     <span class='ocr_line' id='line_1_27' title="bbox 577 3334 2766 3444; baseline -0.001 -35"><span class='ocrx_word' id='word_1_179' title='bbox 577 3338 912 3441; x_wconf 74' lang='lat' dir='ltr'>Vestram</span> <span class='ocrx_word' id='word_1_180' title='bbox 970 3336 1377 3410; x_wconf 86' lang='lat' dir='ltr'>Amicitiam</span> <span class='ocrx_word' id='word_1_181' title='bbox 1420 3336 1620 3411; x_wconf 69' lang='lat' dir='ltr'>Idem</span> <span class='ocrx_word' id='word_1_182' title='bbox 1666 3337 2026 3411; x_wconf 84' lang='lat' dir='ltr'>Dominus</span> <span class='ocrx_word' id='word_1_183' title='bbox 2081 3334 2766 3444; x_wconf 70' lang='lat' dir='ltr'>Archi-Episcopus</span> 
     </span>
     <span class='ocr_line' id='line_1_28' title="bbox 584 3443 2763 3546; baseline 0.003 -31"><span class='ocrx_word' id='word_1_184' title='bbox 584 3443 1015 3517; x_wconf 52' lang='lat' dir='ltr'>Lit‘eratorie</span> <span class='ocrx_word' id='word_1_185' title='bbox 1074 3447 1447 3546; x_wconf 85' lang='lat' dir='ltr'>petivisset</span> <span class='ocrx_word' id='word_1_186' title='bbox 1496 3444 1918 3544; x_wconf 86' lang='lat' dir='ltr'>diligenter,</span> <span class='ocrx_word' id='word_1_187' title='bbox 1978 3460 2339 3545; x_wconf 86' lang='lat' dir='ltr'>quatenus</span> <span class='ocrx_word' id='word_1_188' title='bbox 2399 3443 2763 3522; x_wconf 80' lang='lat' dir='ltr'>Vestrum</span> 
     </span>
     <span class='ocr_line' id='line_1_29' title="bbox 579 3548 2762 3655; baseline 0.003 -31"><span class='ocrx_word' id='word_1_189' title='bbox 579 3551 873 3624; x_wconf 82' lang='lat' dir='ltr'>mittatis</span> <span class='ocrx_word' id='word_1_190' title='bbox 911 3550 1305 3624; x_wconf 85' lang='lat' dir='ltr'>Hominem</span> <span class='ocrx_word' id='word_1_191' title='bbox 1350 3578 1488 3654; x_wconf 85' lang='lat' dir='ltr'>pro</span> <span class='ocrx_word' id='word_1_192' title='bbox 1540 3552 1997 3626; x_wconf 85' lang='lat' dir='ltr'>Testimonio</span> <span class='ocrx_word' id='word_1_193' title='bbox 2047 3548 2493 3655; x_wconf 80' lang='lat' dir='ltr'>fidedig‘num</span> <span class='ocrx_word' id='word_1_194' title='bbox 2524 3609 2543 3636; x_wconf 87' lang='lat'><em>,</em></span> <span class='ocrx_word' id='word_1_195' title='bbox 2599 3581 2762 3655; x_wconf 90' lang='lat' dir='ltr'>quo</span> 
     </span>
     <span class='ocr_line' id='line_1_30' title="bbox 582 3653 2767 3759; baseline 0.003 -28"><span class='ocrx_word' id='word_1_196' title='bbox 582 3674 965 3759; x_wconf 86' lang='lat' dir='ltr'>praesente</span> <span class='ocrx_word' id='word_1_197' title='bbox 1006 3658 1251 3730; x_wconf 91' lang='lat' dir='ltr'>Homo</span> <span class='ocrx_word' id='word_1_198' title='bbox 1292 3675 1476 3730; x_wconf 69' lang='lat' dir='ltr'>suus*</span> <span class='ocrx_word' id='word_1_199' title='bbox 1504 3653 1692 3730; x_wconf 80' lang='lat' dir='ltr'>infra</span> <span class='ocrx_word' id='word_1_200' title='bbox 1739 3655 2222 3731; x_wconf 85' lang='lat' dir='ltr'>declarandus</span> <span class='ocrx_word' id='word_1_201' title='bbox 2264 3678 2767 3737; x_wconf 85' lang='lat' dir='ltr'>memoratum</span> 
     </span>
     <span class='ocr_line' id='line_1_31' title="bbox 582 3760 2766 3868; baseline 0.003 -32"><span class='ocrx_word' id='word_1_202' title='bbox 582 3760 1037 3867; x_wconf 85' lang='lat' dir='ltr'>Stephanum</span> <span class='ocrx_word' id='word_1_203' title='bbox 1078 3761 1347 3838; x_wconf 79' lang='lat' dir='ltr'>Filium</span> <span class='ocrx_word' id='word_1_204' title='bbox 1391 3762 1738 3844; x_wconf 85' lang='lat' dir='ltr'>Stanizlai</span> <span class='ocrx_word' id='word_1_205' title='bbox 1775 3763 1867 3838; x_wconf 89' lang='lat' dir='ltr'>de</span> <span class='ocrx_word' id='word_1_206' title='bbox 1914 3763 2180 3838; x_wconf 74' lang='lat' dir='ltr'>Bathor</span> <span class='ocrx_word' id='word_1_207' title='bbox 2223 3769 2614 3868; x_wconf 84' lang='lat' dir='ltr'>praemissa</span> <span class='ocrx_word' id='word_1_208' title='bbox 2641 3769 2766 3842; x_wconf 89' lang='lat' dir='ltr'>Li-</span> 
     </span>
     <span class='ocr_line' id='line_1_32' title="bbox 582 3868 2765 3957; baseline 0.003 -14"><span class='ocrx_word' id='word_1_209' title='bbox 582 3871 865 3957; x_wconf 63' lang='lat' dir='ltr'>teralia</span> <span class='ocrx_word' id='word_1_210' title='bbox 912 3896 1042 3942; x_wconf 91' lang='lat' dir='ltr'>sua</span> <span class='ocrx_word' id='word_1_211' title='bbox 1112 3872 1609 3943; x_wconf 80' lang='lat' dir='ltr'>Instrumenta</span> <span class='ocrx_word' id='word_1_212' title='bbox 1680 3868 2182 3957; x_wconf 78' lang='lat' dir='ltr'>exhibiturum</span> <span class='ocrx_word' id='word_1_213' title='bbox 2242 3898 2327 3946; x_wconf 85' lang='lat' dir='ltr'>ae</span> <span class='ocrx_word' id='word_1_214' title='bbox 2396 3873 2567 3947; x_wconf 71' lang='lat' dir='ltr'>sud.</span> <span class='ocrx_word' id='word_1_215' title='bbox 2627 3902 2765 3949; x_wconf 86' lang='lat' dir='ltr'>no-</span> 
     </span>
     <span class='ocr_line' id='line_1_33' title="bbox 583 3975 2761 4078; baseline 0.004 -32"><span class='ocrx_word' id='word_1_216' title='bbox 583 4002 746 4050; x_wconf 82' lang='lat' dir='ltr'>vem</span> <span class='ocrx_word' id='word_1_217' title='bbox 782 3999 1189 4051; x_wconf 85' lang='lat' dir='ltr'>marcarum</span> <span class='ocrx_word' id='word_1_218' title='bbox 1233 3975 1446 4050; x_wconf 84' lang='lat' dir='ltr'>nobis</span> <span class='ocrx_word' id='word_1_219' title='bbox 1490 3993 1563 4049; x_wconf 77' lang='lat' dir='ltr'>ct</span> <span class='ocrx_word' id='word_1_220' title='bbox 1601 3981 1795 4078; x_wconf 89' lang='lat' dir='ltr'>parti</span> <span class='ocrx_word' id='word_1_221' title='bbox 1831 3977 2178 4050; x_wconf 81' lang='lat' dir='ltr'>adversae</span> <span class='ocrx_word' id='word_1_222' title='bbox 2219 3978 2761 4056; x_wconf 76' lang='lat' dir='ltr'>satisfacturum</span> 
     </span>
     <span class='ocr_line' id='line_1_34' title="bbox 571 4083 2759 4162; baseline 0.003 -6"><span class='ocrx_word' id='word_1_223' title='bbox 571 4101 842 4157; x_wconf 78' lang='lat' dir='ltr'>contra</span> <span class='ocrx_word' id='word_1_224' title='bbox 896 4101 1314 4157; x_wconf 81' lang='lat' dir='ltr'>annotatam</span> <span class='ocrx_word' id='word_1_225' title='bbox 1366 4083 1744 4156; x_wconf 88' lang='lat' dir='ltr'>Dominam</span> <span class='ocrx_word' id='word_1_226' title='bbox 1806 4083 2029 4157; x_wconf 80' lang='lat' dir='ltr'>Eiena</span> <span class='ocrx_word' id='word_1_227' title='bbox 2062 4106 2399 4161; x_wconf 74' lang='lat' dir='ltr'>vocatam</span> <span class='ocrx_word' id='word_1_228' title='bbox 2436 4084 2759 4162; x_wconf 86' lang='lat' dir='ltr'>Consor-</span> 
     </span>
     <span class='ocr_line' id='line_1_35' title="bbox 572 4186 2753 4269; baseline 0.003 -8"><span class='ocrx_word' id='word_1_229' title='bbox 572 4205 732 4265; x_wconf 68' lang='lat' dir='ltr'>tem</span> <span class='ocrx_word' id='word_1_230' title='bbox 790 4190 1190 4265; x_wconf 79' lang='lat' dir='ltr'>Frankonis</span> <span class='ocrx_word' id='word_1_231' title='bbox 1249 4187 1341 4264; x_wconf 87' lang='lat' dir='ltr'>de</span> <span class='ocrx_word' id='word_1_232' title='bbox 1392 4186 1737 4267; x_wconf 72' lang='lat' dir='ltr'>Thallooz</span> <span class='ocrx_word' id='word_1_233' title='bbox 1792 4187 1891 4267; x_wconf 83' lang='lat' dir='ltr'>ad</span> <span class='ocrx_word' id='word_1_234' title='bbox 1951 4189 2179 4265; x_wconf 84' lang='lat' dir='ltr'>dictas</span> <span class='ocrx_word' id='word_1_235' title='bbox 2231 4211 2526 4269; x_wconf 81' lang='lat' dir='ltr'>octauas</span> <span class='ocrx_word' id='word_1_236' title='bbox 2567 4195 2753 4268; x_wconf 82' lang='lat' dir='ltr'>Festi</span> 
     </span>
    </p>
   </div>
  </div>
 </body>
</html>
