2926 4849
2159 471 2309 539 637

214 695 548 765 csowez,
597 676 747 752 alio
787 677 1092 751 nomine
1129 671 1638 753 Fartasowecz
1681 685 1984 770 vocata,
2038 677 2115 752 in
2161 681 2421 757 Comi-²-

215 799 371 860 tatu
429 786 525 860 de
575 785 996 860 Wereucze
1061 808 1202 886 per
1249 809 1390 859 nos
1432 785 1609 869 alias
1647 787 2047 886 *praetacto
2099 788 2419 865 condam
2523 793 2529 802 ’

212 892 555 969 Ladislao
617 890 866 968 Fancb
921 892 1174 980 Bono,
1232 887 1884 994 inxconeambimn
1939 908 2017 966 et
2053 914 2421 995 permuta-
2476 986 2483 992 Δ

210 1001 496 1073 tionem
544 998 923 1073 cuiusdam
971 997 1339 1101 portionis
1382 1021 1559 1075 suae
1606 997 1798 1073 Becb
1831 999 2281 1103 appellatae,
2336 1007 2415 1080 in
2462 1001 2491 1020 “’

93 1107 98 1110 ’
209 1106 586 1182 Comitatu
650 1107 1003 1180 Pestiensi
1061 1106 1485 1199 existentis,
1532 1105 1813 1182 donata
1851 1125 1927 1181 et
1969 1109 2281 1201 collata,
2336 1115 2413 1186 in

205 1214 531 1288 cuiusuis
596 1214 936 1288 similiter
1000 1209 1319 1315 pacifico
1385 1212 1721 1289 dominio
1787 1213 2027 1290 dictus
2088 1215 2414 1298 Joannes

205 1320 528 1396 eundem
589 1321 905 1395 condam
959 1317 1373 1394 Ladislaum
1447 1317 1695 1394 Fanch
1764 1321 2050 1422 Eanum
2122 1343 2286 1425 pat·
2292 1351 2411 1400 em

202 1452 419 1503 suum
451 1430 602 1501 vita
645 1426 788 1501 sibi
821 1428 1092 1501 comite
1128 1424 1543 1506 humsmodi
1591 1455 1632 1501 a
1676 1437 2023 1529 tempore
2056 1427 2411 1507 donatio-

202 1535 320 1608 nis
375 1553 675 1609 nostrae
725 1534 1174 1637 perstitisse,
1250 1532 1483 1636 seque
1546 1551 1622 1609 et
1685 1550 2080 1640 annotatos
2141 1536 2435 1614 fratresx

200 1666 374 1715 suos
411 1646 809 1745 persistere
848 1641 1103 1714 asserit
1161 1657 1237 1713 et
1290 1637 1388 1714 de
1420 1643 1835 1744 praesenti·
1816 1697 1835 1734 ,
1895 1667 2212 1752 quoquo
2244 1671 2405 1719 mo·

200 1746 303 1823 do
363 1746 806 1825 haberemus
860 1765 938 1822 et
995 1762 1330 1822 nostram
1365 1799 1387 1839 ,
1484 1741 2061 1852 quibuscunque
2127 1751 2404 1837 modis.

200 1859 434 1930 causis
487 1872 562 1930 et
614 1855 1024 1934 rationibus
1072 1837 1564 1930 concernat-et
1616 1856 2114 1946 Maiestatem,
2180 1858 2402 1934 simul

199 1987 373 2037 cum
421 1965 702 2037 cunctis
746 1960 1174 2038 earumdem
1234 1959 1706 2051 unitatibus,
1765 1979 1841 2038 et
1897 1968 2402 2066 pertinentys,

196 2085 277 2143 et
312 2072 744 2170 praesertim
777 2065 1384 2170 Jobagionibuss
1422 2069 1787 2174 praediis,
1842 2070 2298 2147 sessionibus
2325 2089 2405 2149 et

197 2175 384 2250 locis
453 2177 913 2269 sessionum,
972 2200 1112 2249 nec
1163 2200 1312 2248 non
1364 2175 1675 2252 Juribus
1724 2195 1798 2252 et
1871 2177 2403 2254 iurisdictioni-

195 2281 383 2376 bus,
441 2282 821 2374 ecclesiis,
880 2280 1421 2361 ecclesiastici
1400 2284 1584 2356 iuris
1645 2285 2198 2386 patronatibus,
2258 2304 2401 2361 ter

195 2389 298 2465 ris
327 2389 775 2484 arabilibus,
831 2389 1047 2465 cultis
1092 2405 1169 2463 et
1224 2387 1579 2484 incultis,
1614 2394 1805 2491 agris
1842 2394 2175 2494 pascuis,
2232 2422 2399 2498 pta-

196 2499 336 2589 tis,
376 2498 805 2587 foenilibus,
837 2494 1248 2587 montibu8‚
1290 2494 1623 2579 vallibus.
1664 2499 1922 2599 syluis,
1961 2524 2240 2573 nemor.
2257 2502 2395 2577 bus

195 2606 570 2705 virgultis,
627 2607 910 2696 vineiS,
966 2623 1041 2680 et
1080 2606 1458 2678 vinearum
1499 2606 2039 2729 promontoriis
2077 2610 2287 2715 aquis
2319 2623 2395 2685 et

191 2738 557 2815 aquatum
606 2709 1086 2802 decursibus,
1146 2711 1491 2810 piscinis,
1551 2713 1980 2816 piscaturis,
2034 2704 2395 2789 molendi-

188 2822 459 2919 nisque
506 2836 590 2894 et
627 2814 1230 2925 molendinorum
1264 2816 1495 2910 locis,
1552 2844 1693 2892 nec
1732 2846 1880 2899 non
1924 2818 2272 2897 censibus
2315 2840 2395 2898 et

188 2927 575 3017 collectis,
632 2945 708 3001 et
746 2926 1189 3028 generaliter
1231 2928 1519 2998 cunctis
1559 2926 1951 2998 vtilitatum
1978 2927 2391 3026 integtita-

188 3032 432 3127 tibus,
490 3036 758 3134 quouis
820 3032 1140 3105 nominis
1200 3029 1571 3104 vocabulo
1617 3033 1996 3113 vocitatis,
2068 3033 2207 3107 sub
2271 3060 2391 3109 ea·

184 3139 729 3216 rumdemveris
776 3140 994 3212 metis
1030 3155 1103 3213 et
1142 3131 1467 3240 antiquis
1504 3136 1888 3231 limitibus,
1944 3142 2150 3211 omni
2184 3139 2387 3231 iure,

185 3274 345 3348 quo
405 3267 702 3322 nostrae
746 3248 891 3321 rite
938 3270 1026 3319 ac
1073 3245 1395 3346 legitime
1455 3244 1904 3319 incumbunt
1954 3246 2383 3342 collationi,

181 3373 535 3429 annotato
579 3356 891 3445 Joanni,
946 3351 1101 3427 filio
1140 3350 1457 3426 Ladislai
1509 3351 1752 3426 Fanch
1786 3351 2008 3445 Bani,
2063 3352 2157 3427 de
2196 3355 2390 3431 Gor-

180 3458 379 3535 doua
438 3461 854 3564 praedicta,
910 3478 986 3533 et
1030 3487 1178 3583 per
1229 3484 1397 3534 eum
1455 3456 2077 3553 Bartholomaeo,
2130 3462 2386 3536 et·La-

181 3565 460 3658 dislao‚
514 3567 967 3649 carnalibus,
1024 3569 1203 3641 item
1236 3565 1647 3653 Frankoni,
1706 3564 1863 3637 filio
1896 3567 2250 3657 Emerici,
2303 3568 2383 3645 fi·-

182 3674 268 3775 ly
295 3676 650 3778 praedicti
698 3674 1008 3748 Ladislai
1051 3673 1292 3747 Fanch
1333 3671 1558 3766 Bani,
1595 3672 1967 3765 fratrueli,
2024 3671 2385 3751 fratribus
2483 3758 2497 3775 .

184 3783 577 3884 praelibati
620 3784 964 3904 Joannis,
1020 3760 1512 3884 ipsorumque
1538 3726 1840 3854 ’ihaered
1849 3778 1989 3854 bus
2028 3799 2108 3855 et
2140 3801 2384 3884 poste-

185 3889 544 3963 ritatibus
585 3891 982 3971 vniuersis,
1061 3889 1308 3961 animo
1356 3883 1809 3978 deliberato,
1886 3904 1962 3961 et
2024 3912 2118 3959 ex
2179 3907 2383 3964 certa

185 3997 530 4089 scientia,
588 4015 886 4070 nostrae
920 3993 1363 4082 Maiestatis,
1422 3993 2074 4096 Piaelatoiumque
2130 4011 2209 4069 et
2252 3996 2379 4069 Ba·-

190 4128 461 4178 ronum
512 4121 976 4193 nostrorum,
1033 4098 1152 4177 hic
1209 4100 1597 4177 nobiscum
1666 4102 2175 4186 existentium,
2230 4128 2377 4178 ma·

188 4209 834 4315 turmpraebabito
888 4209 1242 4307 consilio,
1300 4210 1752 4314 praemissis,
1780 4274 1781 4277 ,
1810 4208 2026 4285 sicuti
2076 4225 2377 4289 nostrae
