2926 4849
2119 449 2291 582 ιοό,

183 691 623 770 Andreas
661 690 1000 786 Comes
1033 683 1158 791 (V.
1216 685 1306 768 ad
1344 688 1793 796 an.1238.)
1852 643 2178 772 Alterius
2229 720 2415 776 ver

180 823 276 876 ro
313 799 573 892 liteme
606 796 1060 880 continentia
1087 795 1408 873 verbalis
1443 795 1911 905 dignoscitur
1951 825 2112 878 esse
2168 798 2369 878 talis:
2406 783 2415 836 ¹

184 903 672 994 Mattheus
731 903 1201 1007 Magister
1264 905 2045 1002 Tanai-nieorum
2102 905 2223 1004 (V.
2276 883 2417 990 adi'⁶

185 1035 474 1088 annum
497 1005 769 1110 1244.)
819 1010 1069 1087 Tertia
1112 999 1418 1112 quidem
1445 1007 1687 1089 littera
1732 1011 1960 1090 habet
2014 1007 2210 1137 bunc
2245 993 2413 1092 te·-i

181 1144 488 1196 norem:
548 1118 738 1194 Nos
785 1115 1229 1193 Andreas
1278 1117 1402 1215 (V.
1459 1118 1554 1195 ad
1609 1116 1867 1216 1297.)
1923 1119 2080 1202 Nos
2129 1117 2413 1243 igitur,

177 1221 613 1318 humillimis
649 1222 1089 1328 deuotisque
1128 1223 1796 1332 supplicationibus
1841 1224 2153 1331 praefati
2193 1225 2399 1330 Fra--¹

180 1329 314 1428 ιηῂ
641 1330 1152 1430 Guardiani,
1208 1356 1349 1434 per
1381 1358 1565 1414 eum
1600 1331 2022 1410 nominibus
2064 1319 2371 1414 anneta--¹

180 1452 464 1516 tarum
473 1435 652 1534 ,Ab
833 1462 963 1532 ae,
1034 1456 1111 1516 et
1175 1434 1859 1516 sanctimonialium
1929 1438 2399 1550 praescripti

180 1542 491 1628 claustri
527 1545 607 1620 Β.
660 1544 938 1619 Mariae
979 1543 1496 1651 Magdalenae,
1531 1545 1836 1626 Ordinis
1879 1563 2173 1623 sanctae
2207 1547 2406 1654 Cla-3

183 1675 306 1730 rae
344 1651 718 1752 Virginis,
754 1649 1116 1729 Maiestati
1153 1665 1453 1752 nostrae
1497 1652 1909 1732 subiectiue
1952 1653 2216 1729 oblatis
2255 1653 2367 1729 re·

181 1758 295 1859 gia
375 1756 834 1879 benignitate
885 1756 1248 1840 exauditis
1286 1806 1315 1849 ,
1388 1777 1466 1835 et
1528 1759 1939 1838 clementer
1994 1751 2360 1850 admissis,

182 1865 631 1985 praesriptas
663 1882 813 1941 tres
852 1857 1100 1941 literas
1132 1891 1285 1942 non
1325 1862 1655 1989 abrasas,
1712 1892 1863 1943 non
1902 1865 2364 1980 cancellatas,

180 1996 327 2046 non
394 1971 733 2061 vicinas,
784 1996 1032 2073 neque
1088 1969 1169 2046 in
1224 1969 1474 2072 aliqua
1517 1972 1636 2047 sui
1689 1986 1903 2074 parte
1952 1971 2365 2078 suspectas,

183 2075 308 2154 sed
374 2077 585 2151 omni
635 2103 938 2179 prorsus
993 2077 1487 2181 ambiguitatis
1537 2077 1890 2182 scrupulo
1943 2077 2363 2182 destitutas,
2402 2069 2405 2080 ’

182 2183 840 2288 praesentibusque
880 2181 974 2258 de
1027 2182 1266 2260 verbo
1303 2184 1412 2268 ad
1446 2182 1766 2278 verbum
1823 2186 1980 2280 sine
2038 2183 2365 2262 diminu-

184 2292 382 2367 tione
421 2308 504 2365 et
556 2308 953 2412 augmento
1006 2290 1354 2398 aliquali,
1412 2290 1719 2368 insertas
1742 2348 1766 2388 ,
1788 2283 2074 2396 quoad
2112 2317 2371 2369 omnes

184 2412 254 2474 et
281 2422 552 2473 earum
608 2399 1150 2491 continentias,
1208 2396 1573 2475 clausulas
1624 2416 1698 2475 et
1746 2399 2100 2478 articulos
2145 2423 2366 2476 acce-

182 2519 521 2610 ptamus,
577 2500 1116 2608 approbamus,
1172 2522 1250 2581 et
1283 2504 1772 2604 ratificamus,
1826 2533 1947 2599 eas
1982 2502 2401 2599 nihilomi-

161 2638 312 2689 nus
339 2611 452 2687 ob
493 2637 701 2715 spem
747 2627 820 2684 et
857 2608 1341 2689 deuotionem
1367 2631 1694 2690 nostram
1716 2669 1740 2708 ,
1791 2638 2022 2737 quam
2046 2612 2154 2689 ad
2190 2612 2363 2690 Bea-

180 2718 534 2793 tissimam
554 2717 871 2793 Mariam
890 2714 1478 2820 Magdalenam,
1457 2749 1533 2795 ιιι
1579 2723 1788 2795 cuius
1820 2722 2008 2796 sacri
2042 2716 2363 2797 nominis

180 2824 399 2902 titulo
462 2824 746 2899 dictum
808 2826 1217 2901 claustrum
1287 2822 2024 2902 Sanctimoninalium
2084 2825 2363 2905 ordinis

179 2952 473 3011 sanctae
517 2929 773 3006 Clarae
808 2933 931 3035 pie
963 2933 1207 3009 extitit
1256 2930 1683 3028 fundatum,
1738 2933 2066 3055 gerimus
2116 2949 2193 3010 et
2222 2930 2362 3008 ha-

183 3035 484 3131 bemus,
539 3038 757 3112 simul
799 3064 972 3113 cum
1022 3036 1370 3113 omnibus
1431 3039 1884 3143 praemissis,
1938 3041 2018 3113 in
2071 3041 2359 3117 tenori-

183 3141 336 3229 bus
374 3141 795 3221 earumdem
828 3145 1238 3221 litterarum
1265 3147 1637 3222 contentis
1654 3198 1681 3235 ,
1736 3169 1943 3221 mera
1970 3148 2356 3222 auctorita·

177 3268 276 3331 te
293 3268 377 3329 et
415 3253 795 3356 potestatis
837 3248 1343 3354 plenitudine,
1382 3276 1471 3327 ac
1513 3279 1608 3330 ex
1644 3269 1847 3331 certa
1867 3252 2174 3330 scientia
2216 3279 2362 3328 no-

172 3375 369 3438 strae
403 3357 850 3448 Maiestatis,
905 3383 1049 3434 nec
1091 3385 1244 3435 non
1279 3357 1375 3434 de
1428 3384 1792 3435 consensu
1836 3377 1914 3436 et
1946 3357 2363 3463 beneplaci-

176 3483 254 3547 to
284 3464 816 3542 serenissimae
852 3464 1216 3568 Principis
1256 3466 1620 3543 Dominae
1648 3465 2067 3559 Barbarae,
2121 3464 2360 3569 Regi-

178 3598 317 3661 nne
384 3567 846 3648 conthoralis
904 3588 1198 3649 nostrae
1257 3567 1790 3668 charissimae,
1861 3570 2362 3648 Praelatmum

181 3681 401 3762 etiam
432 3696 516 3756 et
555 3676 933 3756 Baronum
968 3696 1396 3755 nostrorum
1434 3678 1744 3758 consilio
1784 3696 2287 3784 praematuro
2289 3694 2368 3753 et

180 3782 538 3863 vniformi
567 3783 873 3865 decreto
895 3784 1356 3876 eorumdem,
1399 3812 1540 3889 pro
1578 3786 2001 3863 memoratis
2041 3782 2361 3862 claustro

184 3907 253 3973 et
307 3918 454 3998 per
516 3914 984 3994 consequens
1050 3890 1439 3967 Abbatissa
1517 3909 1592 3969 et
1672 3889 2365 3971 sanctimonialibus

186 3998 510 4079 eiusdem
536 3997 832 4074 claustri
861 4016 1267 4120 perpetuo
1249 3999 1592 4075 valituras
1612 3999 2139 4075 confirmamus
2153 4024 2364 4120 prae-

185 4106 400 4181 sentis
445 4104 708 4209 scripti
765 4103 1003 4182 nostri
1047 4104 1461 4210 patrocinio
1518 4104 1930 4199 mediante,
1994 4103 2213 4182 saluas
2251 4132 2356 4180 m·

188 4209 392 4287 ribus
424 4212 697 4315 alienis.
756 4213 841 4287 In
887 4212 1093 4289 cuius
1153 4213 1260 4289 rei
1304 4214 1730 4292 memoriam
1786 4209 2354 4325 firmitatemque
