2926 4849
2053 487 2205 584 :337

161 716 374 811 nium,
428 733 503 795 et
555 716 1041 814 Personarum
1097 729 1249 793 tam
1310 715 1976 793 Ecclesiasticarum
2008 775 2027 802 .
2084 745 2312 821 quam

160 821 532 916 laicarum,
565 824 1058 901 ·multitudine
1098 826 1439 927 copiosa3
1495 819 1668 899 inde
1709 825 2029 924 praefati·
2064 825 2312 918 Domi·

158 931 218 1002 ni
242 932 593 1008 Oratores
618 950 692 1006 et
711 948 1227 1034 procuratores
1254 911 1713 1033 rogauerunt
1734 955 1852 1004 me
1880 940 2311 1006 annotatum

157 1035 524 1115 Notarium
561 1039 1105 1139 infrascriptum
1142 1039 1235 1112 de
1272 1038 1662 1141 praedictis
1716 1034 1992 1114 debere
2038 1031 2310 1114 conlici

159 1146 523 1242 publicum
560 1147 1147 1222 instrumentum.
1185 1147 1440 1218 Tenor
1469 1170 1789 1245 namque
1830 1144 2151 1220 mandati
2194 1173 2312 1220 re-

159 1249 243 1348 gii
275 1254 430 1326 talis
465 1268 609 1326 est:
668 1251 1229 1354 sigismundus,
1289 1270 1364 1324 vt
1417 1249 1666 1353 supra.
1742 1251 1993 1325 Tenor
2065 1269 2312 1326 autem

156 1359 457 1433 mandati
480 1358 975 1433 Ducalistalis
1010 1376 1152 1429 est:
1191 1357 1519 1460 Filippus
1556 1360 1791 1432 Maria
1817 1357 2105 1461 Anglus
2146 1360 2316 1430 Dux

159 1457 541 1541 Mediolani
579 1483 716 1540 etc.
775 1465 1050 1542 Actum
1100 1462 1507 1540 Mediolani
1551 1467 1621 1536 in
1672 1464 2003 1540 Ecclesia
2061 1463 2319 1539 Sancti

158 1567 557 1661 Ambrosii,
613 1571 963 1647 videlicet
1026 1573 1106 1643 in
1155 1571 1478 1647 sacristia
1528 1569 2025 1644 Dominorum
2090 1573 2320 1646 Prae-

157 1681 395 1778 positi,
472 1680 1015 1754 Canonicorum
1049 1692 1124 1750 et
1175 1677 1496 1780 Capituli
1571 1674 1813 1752 dictae
1891 1677 2318 1772 Ecclesiae,

160 1785 274 1860 sita
343 1801 518 1889 post
577 1785 832 1860 Altare
898 1784 1134 1859 maius
1185 1784 1418 1887 ipsius
1468 1782 1839 1860 Ecclesiae
1900 1784 2314 1890 praesenti-

160 1887 276 1969 bus
327 1908 475 1967 etc.
529 1891 752 1968 Anno
805 1908 1269 1996 praenotato,

231 2019 403 2104 Apud
435 2023 542 2082 Du
578 2009 790 2082 Mona
813 2017 852 2080 l.
898 2038 950 2080 c.

1119 2182 1346 2260 CXV.

157 2325 277 2380 Idan
310 2299 704 2400 sigismundus
713 2341 825 2395 pro
852 2324 1094 2378 Iudaeis
1113 2321 1651 2394 transcriptionales
1679 2323 1936 2398 C'apt’tuli
1962 2310 2215 2385 Albam-is
2234 2331 2317 2385 11·-

317 2436 475 2475 eems
511 2419 829 2473 transumit.
867 2415 933 2470 A.
981 2413 1137 2471 1431.
1251 2452 1254 2457 .
1952 2442 1957 2455 .
2272 2441 2279 2447 .

2154 2421 2163 2431 c

318 2532 481 2605 Nos
509 2522 1047 2627 Sigismundus,
1099 2523 1240 2599 Dei
1268 2525 1539 2625 gracia,
1574 2525 2087 2617 Romanorum
2122 2528 2314 2618 Rex,

157 2660 418 2740 semper
459 2636 896 2737 AugustuS,
951 2657 1038 2707 ac
1076 2628 1442 2734 Vngarie‚
1479 2629 1871 2725 Bohemie,
1912 2638 2308 2730 Dalmacie,

157 2743 429 2818 Croacie
498 2756 638 2815 etc.
697 2742 900 2821 Rex,
974 2739 1335 2813 memorie
1410 2743 2048 2834 commendamus,
2105 2742 2312 2848 quod

156 2846 421 2926 Ffarkas
441 2846 812 2936 Judaeus,
850 2848 927 2920 in
971 2861 1225 2923 nostra
1243 2844 1556 2921 Ciuitate
1596 2845 2083 2949 Soproniensi
2114 2877 2313 2925 com-

155 2978 472 3049 morans,
530 2954 621 3027 ad
663 2958 1010 3028 'nostram
1071 2952 1373 3025 veniens
1417 2958 1917 3055 presenciam,
1973 2957 2310 3031 exhibuit

153 3064 336 3141 nobis
369 3062 727 3168 quasdam
782 3059 1028 3159 literas
1065 3058 1581 3158 priuilegialesf
1605 3061 1912 3164 Capituli
1946 3062 2317 3153 Ecclesiae·

155 3167 472 3245 Albensis
494 3224 517 3263 ,
552 3169 1015 3242 continentes
1052 3164 1428 3240 libertates
1471 3185 1545 3241 et
1579 3168 2147 3245 consuetudines
2177 3171 2306 3244 Ju-

154 3271 439 3355 deorum
467 3331 493 3368 ,
544 3275 967 3379 supplicans
1006 3271 1254 3368 nobis,
1314 3291 1392 3347 vt
1432 3272 1730 3348 easdem
1769 3279 1840 3349 in
1898 3275 2136 3350 literas
2171 3303 2304 3348 no·

154 3399 307 3458 stras
344 3385 438 3461 de
484 3383 714 3457 verbo
752 3382 845 3456 ad
888 3379 1201 3455 verbum
1243 3385 1592 3455 transumi
1637 3400 1711 3456 et
1749 3385 2135 3457 transcribi
2184 3379 2317 3454 fa-'

154 3491 389 3566 ciendo
437 3510 788 3568 tenorem
836 3486 1262 3562 earumdem
1314 3487 1493 3589 ipsis
1549 3487 1808 3564 Judeis
1884 3490 2305 3567 concedere

156 3594 647 3702 dignaremur3
706 3621 1020 3699 quarum
1065 3596 1446 3669 literarum
1512 3612 1729 3698 tenor
1786 3594 2183 3699 (sequitur)
2232 3615 2308 3671 et

156 3725 245 3780 est
278 3709 469 3781 talis:
532 3702 1084 3806 Capitulum
1120 3701 1627 3777 Ecclesiae
1672 3700 2143 3781 Albensis
2181 3700 2306 3800 (V.

155 3832 347 3915 snpra
388 3811 478 3886 ad
517 3828 640 3885 an.
701 3806 1117 3900 1406-t1m.)
1173 3809 1328 3883 Nos
1378 3808 1607 3909 igitur
1649 3809 2306 3911 supplicationibus

150 3921 446 3994 annotati
491 3918 721 4009 Judei
748 3916 1046 3991 Ffarkas
1084 3913 1160 3986 in
1196 3912 1333 3988 hac
1364 3933 1570 4015 parte
1598 3916 1901 4007 auditis,
1941 3916 2326 4019 predictas·

152 4021 369 4102 literas
423 4025 915 4130 priuilegiales
972 4019 1292 4123 Capituli
1355 4021 1721 4095 Ecclesiae
1778 4020 2158 4116 Albensis,
2215 4023 2323 4098 de·

155 4133 361 4207 verbo
411 4133 504 4207 ad
553 4131 867 4206 verbum
909 4126 1376 4231 presentibus
1412 4129 1798 4203 transcribi
1851 4147 1924 4201 et
1958 4130 2315 4206 transumi

154 4231 482 4314 facientes
518 4295 537 4328 ‚
659 4256 998 4313 tenorem
1086 4232 1514 4311 earumdem
1622 4232 1925 4341 prefatis
2021 4237 2318 4333 JudeiS,

248 4346 452 4420 Tom.
506 4350 598 4423 X.
654 4344 826 4419 Vol.
879 4342 1038 4419 VII.
1836 4353 1935 4414 22
