2926 4849
679 576 683 581 ,
767 456 922 586 890

656 718 993 803 eiu-dem
1025 741 1313 815 moram
1362 713 1794 797 continuam
1847 706 2372 822 protrahendi).
2483 717 2572 791 ln
2619 711 2783 789 cuiun

663 826 778 904 rei
818 826 1293 928 memoriam,
1344 824 1921 922 firmitatemque
1974 840 2415 935 perpetuam
2473 846 2782 927 praeseu-

659 951 773 1011 tes
819 932 1127 1009 littteras
1166 948 1451 1015 nostras
1495 928 1988 1038 priuilegiales
2012 986 2033 1025 ‚
2107 927 2504 1035 pendentis
2563 946 2633 1004 et
2677 954 2782 1001 au·

658 1038 917 1117 tentici
954 1037 1192 1144 sigilli.
1217 1042 1448 1117 nostri
1482 1039 1888 1115 munimine
1923 1035 2310 1112 roboratas
2361 1034 2640 1113 eisdem
2677 1031 2780 1108 du·

659 1149 900 1221 ximus
937 1144 1473 1221 concedendas.
1529 1146 1807 1222 Datum
1852 1141 2097 1220 XVII.
2155 1142 2275 1217 die
2326 1139 2781 1220 introductio-

525 1265 530 1271 ’
661 1253 781 1327 nis
817 1266 898 1327 et'
920 1254 1326 1329 statutionis
1359 1250 1771 1329 antedictae
1803 1275 2000 1325 anno
2042 1251 2351 1325 Domini
2381 1249 2774 1352 supradicto.

668 1354 1232 1436 Reuenndoin
1260 1342 1431 1433 'xio
1482 1360 1737 1451 Patre,
1792 1356 2123 1431 Domino
2164 1355 2581 1433 &aedicto
2621 1354 2781 1431 Pm-

723 1466 936 1560 osiw,
987 1460 1205 1542 Sedis
1243 1462 1761 1571 Apostolicae,
1812 1461 2324 1541 protonotario
2344 1517 2370 1558 ,
2404 1463 2776 1540 Domiaoet

720 1572 994 1648 raelato
1028 1590 1285 1649 nostro
1308 1628 1331 1667 ,
1383 1597 1527 1649 nec
1563 1597 1719 1647 non
1754 1567 2316 1648 honorabilibus
2369 1571 2565 1647 viris
2588 1625 2611 1664 ,
2655 1571 2777 1645 Do-

654 1679 912 1773 minis,
986 1676 1331 1757 Emerico
1379 1680 1738 1775 Cantore,
1795 1676 2161 1779 Dionysio
2212 1675 2555 1755 Custode
2575 1730 2599 1767 ‚
2646 1673 2780 1749 Ste-

649 1783 899 1891 phano
941 1782 1037 1862 de
1086 1783 1316 1879 Alba,
1371 1803 1449 1862 et
1488 1783 1721 1864 altero
1749 1781 2123 1885 Stephano
2158 1784 2253 1861 de
2299 1782 2617 1862 Nezmel
2667 1782 2779 1856 De-

653 1891 854 1968 canis
881 1891 1251 1969 Ecclesiae
1281 1907 1579 1971 nostrae
1617 1889 2176 1971 existentibus·“
2229 1891 2315 1969 L.
2371 1891 2464 1970 S.
2518 1886 2718 1998 pend-

722 2022 816 2082 Ex
837 2038 880 2080 0
918 2018 932 2033 .
977 2019 993 2033 .
1072 2017 1112 2081 ¹.
1662 2036 1665 2039 ,
2128 2056 2131 2061 .

1516 2179 1960 2260 CDXLVII.

648 2323 798 2379 Idem
831 2324 1153 2398 Capitulum
1179 2325 1564 2383 oonm‘eeionie
1592 2340 1645 2382 a
1676 2324 2111 2401 aggeum-inis
2157 2322 2508 2381 παιωνίαισι
2550 2325 2667 2381 de.
2720 2319 2768 2377 1.

843 2418 1012 2479 143⁷.

840 2540 1000 2616 Nos
1073 2538 1498 2646 Capitulum
1559 2536 1936 2618 Ecclesiae
2012 2537 2355 2616 Albensis
2417 2536 2768 2618 memoriae

650 2643 1288 2723 commendamus:
1342 2644 1554 2746 quod
1586 2673 1759 2722 cum
1797 2649 1998 2722 iuxta
2028 2650 2531 2725 continentias
2563 2653 2767 2728 lina·-

648 2777 814 2827 rum
850 2748 1299 2828 honorabilis
1327 2752 1644 2855 Capituli
1670 2753 2038 2830 Ecclesiae
2068 2753 2765 2856 wesprimiensispn·

648 2859 963 2935 tentium
1003 2875 1079 2935 et
1119 2858 1623 2935 fassionalium
1647 2915 1669 2954 ‚
1724 2861 2005 2964 pariter
2049 2877 2129 2938 et
2171 2859 2765 2962 obligatorium,

646 2963 1103 3071 Stephanus,
1156 2963 1348 3041 filius
1386 2964 1758 3043 Valentini
1802 2967 2072 3063 Vinze,
2126 2966 2222 3044 de
2254 2963 2764 3073 Zentbgewrch.

646 3072 728 3147 in
771 3099 896 3148 sua
931 3088 1008 3148 et
1041 3070 1352 3148 Ladislai
1372 3121 1395 3163 ,
1428 3071 1557 3149 filii
1597 3075 1713 3149 sui
1755 3076 2130 3177 personis,
2163 3075 2595 3152 Conuentui
2625 3074 2765 3148 cru·

652 3177 1056 3256 ciserorum
1089 3177 1455 3255 Ecclesiae
1490 3178 1699 3256 Beati
1744 3178 1968 3280 Regis
2012 3179 2371 3285 Stephani
2424 3182 2527 3260 de
2581 3179 2763 3272 Alba,

648 3285 727 3359 in
768 3284 961 3372 sesto
991 3284 1199 3359 Beati
1225 3283 1536 3389 Georgii
1565 3286 1935 3388 Martyris-
2021 3292 2311 3366 roxime
2360 3288 2759 3393 praeterito,

643 3416 774 3467 sex
794 3390 1122 3468 florenos
1151 3392 1314 3469 auri
1348 3393 1519 3494 puri
1540 3392 1963 3496 Hungarica
1994 3419 2102 3484 es,
2133 3396 2294 3474 veri
2324 3413 2402 3471 et
2432 3398 2599 3474 iusti
2626 3417 2758 3498 pou·

647 3495 847 3575 deris
888 3491 1145 3576 coram
1196 3498 1416 3575 nobis
1467 3498 1763 3574 soluere
1794 3499 2236 3599 debuisset3
2335 3502 2509 3607 ipso
2561 3504 2747 3602 itaque

642 3608 962 3682 termino
1000 3603 1444 3681 adueniente
1467 3659 1490 3698 ,
1547 3601 1747 3682 idem
1783 3604 2207 3710 Stephanus
2243 3609 2522 3686 Vincze
2554 3611 2624 3682 in
2655 3627 2745 3678 sun

640 3729 718 3788 et
753 3707 1066 3789 Ladislai
1086 3764 1112 3800 ‚
1166 3709 1298 3787 filii
1319 3712 1446 3796 „sui
1486 3715 1824 3813 personis
1852 3711 2090 3792 dictos
2122 3742 2257 3793 sex
2291 3711 2608 3794 ssor'enos
2634 3706 2748 3787 nuri

640 3816 885 3894 eidem
949 3820 1370 3896 Conuentui
1433 3820 1737 3898 minime
1796 3822 2315 3924 presoluisset,
2400 3825 2537 3900 sed
2587 3847 2655 3896 se
2694 3818 2750 3891 in

637 3926 969 4027 ipsorum
988 3924 1565 4029 obligationibus
1599 3926 1673 4001 in
1697 3923 1911 4003 dictis
1947 3928 2177 4005 literis
2209 3928 2628 4035 praescripti
2647 3924 2748 3999 C·-

636 4031 852 4136 pituli
888 4032 1251 4108 Ecclesiae
1278 4032 1881 4136 Wesprimiensis
1914 4039 2350 4142 conscriptis
2364 4058 2442 4116 et
2477 4051 2745 4113 conten-

637 4138 732 4210 tis
767 4138 1115 4214 conuiuci
1137 4157 1216 4216 et
1240 4142 1629 4244 aggrauari
1652 4142 2123 4244 permisisset,
2156 4145 2565 4223 testimonio
2580 4162 2741 4247 pne-

630 4243 947 4321 sentium
975 4242 1363 4338 mediante.
1405 4246 1680 4325 Datum
1701 4248 1778 4329 in
1806 4249 2071 4353 quinto
2104 4248 2226 4330 die
2262 4250 2550 4332 termini
2574 4266 2738 4355 put·
