2926 4849
2065 418 2077 430 ’
2136 450 2286 518 641

197 663 390 746 jiusti
430 660 820 764 ponderis,
904 688 1043 762 pro
1096 660 1369 761 quibus
1426 662 1613 763 ipsi,
1689 677 1765 736 vt
1825 658 2323 763 praefertur,'
2361 698 2415 743 a,

222 785 595 870 praetacta
645 766 945 846 domina
998 761 1328 841 Barbara
1383 769 1680 870 regina,
1754 764 2122 871 praedicta
2169 789 2406 850 castra

216 877 476 966 lima,
531 891 606 949 et
647 874 703 946 F
710 872 848 950 ilek
893 899 1070 947 cum
1122 876 1516 976 praetactis
1571 898 1725 947 suns
1775 870 2107 977 oppidis,
2167 876 2356 953 vinis
2387 941 2411 978 ,

220 980 831 1086 possessionibus,
887 978 1212 1071 tributis,
1272 979 1880 1083 Vtilitatibusque,
1916 998 1991 1056 et
2041 984 2412 1081 pertinen-
2515 1061 2520 1068 ,

216 1089 340 1170 tiis
375 1086 743 1163 redimere
784 1083 1108 1177 debent,
1166 1095 1489 1186 quorum
1546 1086 1788 1162 totalis
1820 1099 2142 1181 summa,
2198 1095 2413 1171 simul

211 1195 768 1298 computando,
827 1191 1007 1267 facit
1056 1211 1338 1296 septem
1392 1187 1655 1288 millia,
1725 1194 2229 1296 septingentos
2288 1226 2418 1275 se·-

214 1300 780 1407 ptemssorenos
815 1301 1019 1389 auri,
1094 1301 1389 1403 pignori
1434 1300 1784 1374 duximus
1833 1299 2206 1404 obligaud.
2265 1307 2418 1383 imo

97 1455 102 1462 ·
217 1409 648 1512 obligamus.
684 1412 764 1483 et
794 1404 1376 1509 impignoramus
1399 1458 1423 1500 ‚
1460 1407 1584 1482 tali
1617 1405 1884 1480 modo:
1940 1405 2155 1510 quod
2184 1436 2420 1514 quan-

216 1516 626 1616 docunque
661 1540 837 1605 n05,
894 1531 1022 1587 aut
1053 1515 1288 1588 nostri
1324 1538 1791 1589 successores
1827 1539 2077 1614 reges,
2136 1537 2419 1621 vtputa,

216 1623 686 1722 Hungariae,
749 1636 1124 1722 praetacta
1182 1637 1422 1696 castra
1481 1639 1733 1697 nostra
1788 1618 2003 1710 Ilswa
2067 1641 2145 1699 et
2214 1623 2426 1704 Filek

151 1785 154 1788 -
214 1748 358 1804 etc.
415 1728 509 1802 ab
560 1728 741 1829 ipsis
816 1728 1076 1818 Petra,
1140 1724 1718 1819 filioPalatini‚
1790 1728 2282 1832 Emericoque
2346 1754 2426 1812 et

216 1835 602 1924 Ladislaoq
655 1858 784 1908 seu
833 1859 1100 1928 eorum
1132 1830 1623 1929 haeredibus,
1682 1832 2053 1911 redimere
2099 1837 2425 1916 volueri-

214 1968 423 2035 muS,
479 1967 615 2016 seu
653 1931 1067 2032 voluerint,
1123 1957 1405 2015 extunc
1446 1940 1673 2015 iidem
1712 1940 2068 2018 rehabitis
2102 1964 2176 2021 et
2214 1972 2423 2023 rece·

216 2053 363 2154 ptis
405 2048 818 2153 praemissis
859 2065 1144 2150 septem
1202 2044 1525 2121 millibus
1554 2103 1571 2130 .
1631 2048 2145 2152 septingentis·
2181 2070 2257 2126 et
2305 2056 2423 2131 se-

218 2176 424 2261 ptem
455 2154 759 2232 ssot-ems
793 2157 997 2244 auri,
1055 2152 1317 2227 eadem
1362 2171 1596 2229 castra
1638 2171 1889 2229 nostra
1931 2181 2106 2232 cum
2148 2158 2418 2258 singu-

216 2264 306 2340 lis
344 2262 638 2367 oppidis
670 2278 808 2334 etc.
867 2258 1077 2335 nobis
1111 2277 1241 2334 aut
1285 2259 1498 2336 dictis
1546 2262 1817 2346 nostris
1862 2265 2420 2344 suecessoribus

216 2372 648 2459 remittere,
704 2384 780 2443 et
817 2367 1190 2468 resignare
1224 2366 1548 2443 debeant
1587 2384 1664 2443 et
1706 2386 2112 2447 teneantur.
2173 2373 2412 2449 Assu-

216 2483 485 2555 mimus
525 2474 1030 2566 nibilominus,
1074 2499 1163 2548 ac
1196 2483 1456 2568 nostro
1482 2488 1557 2548 et
1580 2500 2087 2552 successorum
2126 2500 2413 2561 nostro·

213 2613 429 2680 rum,
470 2587 768 2686 Regum
801 2581 1080 2656 scilicet
1134 2580 1561 2682 Hungariae
1610 2582 2038 2658 nominibus
2087 2586 2411 2689 pollice-

211 2721 389 2769 mur
424 2709 498 2769 et
531 2689 1073 2793 promiffimus,
1129 2688 1431 2763 eosdem
1475 2689 1818 2782 Petrum,
1873 2687 2105 2766 filium
2142 2691 2407 2771 Palati-

215 2802 338 2896 ni,
392 2825 479 2874 ac
526 2799 941 2874 Emericum
986 2813 1060 2870 et
1094 2793 1557 2887 Ladislaum,
1612 2823 1698 2873 ac
1743 2821 2005 2875 eorum
2046 2796 2406 2883 haeredes

211 2910 296 2983 in
331 2903 644 3013 pacifico
703 2902 1035 2979 dominio
1090 2900 1460 2981 dictorum
1506 2919 1921 2977 castrorum
1975 2921 2115 2979 etc.
2165 2933 2398 3013 vsque

101 3010 104 3011 f
215 3034 510 3118 tempus
544 3005 1553 3110 redemptioniseorumdem
1603 3026 1680 3081 et
1711 3010 2078 3110 ipsarum,
2136 3032 2396 3091 contra

211 3121 526 3229 quosuis
546 3120 1050 3221 impetitores,
1105 3113 1667 3217 causidicosque
1708 3131 1780 3189 et
1816 3109 2145 3213 actores,
2200 3121 2413 3201 infra,

212 3246 295 3304 et
324 3245 531 3303 extra
564 3225 920 3299 iudicium
956 3247 1443 3315 conseruare,
1516 3223 1754 3312 tueri‘,
1816 3241 2256 3326 protegere,
2311 3218 2407 3306 σι’

209 3334 641 3425 defensare,
697 3329 1024 3435 propriis
1060 3331 1361 3441 nostri&
1418 3346 1494 3402 et
1533 3332 1974 3425 eorumdem
2011 3356 2395 3412 successo·

207 3468 383 3520 rum
421 3458 850 3519 nostrorum
877 3433 1575 3538 laboribuspariter
1593 3448 1672 3508 et:
1703 3436 2064 3538 expensis.
2097 3437 2389 3517 Annui..

203 3530 376 3628 mus
436 3565 819 3652 praeterea
888 3543 1281 3645 praetactis
1333 3544 1608 3635 ·Petr0‚
1700 3540 1852 3617 filio
1914 3542 2259 3639 Palatini,
2313 3556 2394 3631 et

203 3657 557 3734 Emerico
592 3679 679 3728 ac
717 3650 1106 3741 Ladisla0‚
1157 3674 1246 3725 ac
1303 3648 1639 3755 ipsorum
1685 3646 2128 3727 haeredibus
2177 3659 2388 3755 quod

204 3761 818 3869 quandocunque
853 3783 988 3832 nos
1027 3774 1153 3832 aut
1181 3780 1641 3831 successores
1684 3756 1918 3831 nostri
1956 3784 2169 3860 reges
2199 3762 2391 3841 scili-

208 3891 340 3951 cet
375 3869 844 3972 Hungariae,
894 3889 1122 3966 super
1163 3860 1335 3939 alias
1386 3863 1736 3938 Ciuitates
1776 3877 1851 3936 et
1896 3860 2396 3950 possessione,

208 3962 547 4082 regales,
623 3972 1002 4080 generales
1046 3987 1282 4051 taxas,
1335 3967 1959 4044 exn-nordinarias
2014 3974 2400 4078 imposne-‚-

215 4087 496 4178 rimus‚
548 4110 678 4159 seu
718 4079 1250 4182 imposuerint,
1306 4093 1488 4152 tunc
1525 4092 1602 4149 et
1642 4075 1779 4178 ipsi
1814 4101 2042 4181 super
2084 4086 2415 4185 populos·

217 4212 299 4270 et
330 4188 780 4294 Jobsgiones
840 4188 916 4260 in
960 4180 1295 4287 oppidis,
1360 4179 1603 4275 villis,
1650 4186 2278 4288 possessionibus,
2331 4214 2405 4272 et

331 4297 545 4376 Tom.
581 4299 680 4372 X.
717 4293 887 4370 Vol.
933 4290 1110 4366 Vll.
1936 4295 2031 4365 41
