2926 4849
2091 481 2242 583 555

164 723 481 829 Segnia,
570 721 1238 828 vniuersorumque
1289 719 1879 820 Prae-latorum,‘'
1913 720 2295 802 Baronum
2318 776 2346 815 ,

165 829 637 935 Magnatum,
690 857 778 909 ac
824 835 1052 909 totius
1093 827 1312 930 cleri,
1367 827 1461 908 de
1500 831 1775 935 quibus
1812 832 1888 906 in
1927 847 2171 905 vestra
2216 854 2352 904 re·-

164 933 567 1045 sponsione
595 994 616 1031 ,
668 939 762 1016 sit
798 940 1207 1046 impositio,
1245 958 1320 1036 et
1357 935 1636 1016 dicatio
1671 934 2094 1013 huiusmodi
2137 933 2354 1038 quin-

164 1043 684 1147 quagesimae,
740 1063 816 1120 et
845 1074 973 1121 sex
1017 1044 1497 1123 denariorum
1552 1043 1792 1147 incipi.
1833 1037 1968 1118 'seu
2019 1040 2353 1140 inchoari

168 1151 487 1244 debeat,
542 1154 1167 1257 postmodumque
1214 1153 1602 1229 Nobilium
1660 1150 1893 1252 regni·
1926 1147 2221 1243 dicare,
2273 1159 2353 1224 et

167 1261 475 1359 exigere
512 1276 940 1355 teneantur,
996 1277 1221 1365 prout
1277 1277 1353 1336 et
1387 1267 1618 1364 super,
1644 1255 1825 1332 haec
1862 1253 2172 1332 fecimus
2201 1279 2353 1356 op<-

163 1382 587 1472 portunum
627 1365 1101 1460 mandatum,
1172 1367 1446 1442 nostris
1508 1349 1875 1468 regalibus
1934 1359 2222 1437 ciuibus
2270 1372 2353 1436 et

163 1470 749 1573 Jobagionibus,
791 1492 867 1549 et
907 1475 1329 1578 scripsimus
1370 1474 1591 1548 etiam
1629 1471 2138 1547 serenissimae
2177 1493 2382 1546 con-s

163 1578 442 1655 thorali
473 1567 812 1674 nostrae,
885 1603 973 1655 ac
1030 1579 1342 1657 caeteris
1394 1577 1880 1683 supradictis,
1957 1592 2031 1651 vt
2078 1592 2154 1651 et
2206 1573 2355 1678 ipsi

163 1711 400 1790 super
437 1683 654 1782 Ciues
693 1702 770 1761 et
812 1689 856 1760 J
861 1685 1310 1787 obbagiones
1357 1711 1531 1762 suos
1568 1679 1938 1763 talismodi
1978 1683 2350 1783 quinqua-

165 1792 527 1896 gesimam
549 1784 637 1866 =et
669 1793 797 1868 sex
832 1791 1177 1878 denarios
1216 1794 1604 1898 imponere
1630 1848 1652 1890 ,
1707 1787 1992 1884 dicare,
2063 1799 2145 1862 et
2198 1787 2352 1862 exi-

162 1925 351 2002 gere
383 1898 856 2004 permittant,
906 1901 1157 2002 'placet
1191 1901 1405 1975 etiam
1426 1898 1666 1976 «nobis
1693 1954 1715 1992 ,
1771 1916 1846 1973 et
1877 1918 2148 1971 sumus>
2171 1893 2354 1969 con-'-
2423 1915 2428 1922 ‘

164 2007 358 2081 tenti
375 2058 403 2094 ,
461 2004 693 2081 immo
717 2003 808 2078 ad
844 2004 1260 2083 huiusmodi
1284 2004 1735 2081 dicationem
1779 2020 1855 2079 et
1886 1999 2354 2079 exactionem
2425 2039 2428 2040 ⁷

161 2135 401 2215 super
432 2131 511 2187 se
548 2129 624 2187 et
664 2129 834 2186 suos
866 2110 1027 2187 fie'ri
1072 2137 1225 2188 non
1263 2115 1807 2218 permitterent,
1864 2112 2352 2228 cum‘graua-
2427 2187 2432 2192 ,
2496 2183 2502 2198 ,

162 2219 374 2294 mine
405 2218 880 2321 quingaginta
918 2244 1329 2295 marcarum
1363 2219 1736 2322 grauium,
1793 2217 2007 2291 toties
2055 2215 2352 2318 quotien

164 2324 490 2400 rebelles
524 2349 605 2401 se
642 2319 1129 2417 reddiderint,
1164 2324 1253 2402 ad
1280 2326 1853 2432 praemissorum
1890 2320 2353 2397 exactionem

163 2431 750 2536 compellantur,
805 2433 1158 2538 ipsaeque
1199 2427 2072 2537 quinquaginta'Marcae
2123 2428 2354 2531 perti·

160 2556 402 2615 neant
458 2537 551 2613 ad
607 2541 1156 2616 vniuers'itatem
1213 2539 1597 2616 Nobilium
1659 2533 2056 2612 cuiuslibet
2106 2534 2353 2609 Comi-

160 2662 386 2722 tatus.
444 2646 714 2720 Datum
749 2645 1047 2740 Vlmae,
1104 2647 1416 2723 Ciuitate
1455 2664 1705 2721 nostra
1742 2641 2116 2747 Imperiali
2141 2641 2219 2714 in
2250 2636 2355 2715 fe·

157 2765 296 2830 sto
328 2751 723 2826 Beatorum
762 2753 958 2827 Petr'i
989 2771 1064 2828 et
1091 2753 1298 2829 Pauli
1338 2753 1891 2856 Apostolorum.
1935 2746 2162 2825 Anno
2207 2746 2354 2821 Do-

157 2860 352 2935 mini
389 2858 959 2934 MCDXXXIV.
994 2862 1430 2962 Regnorum
1459 2875 1884 2933 nostrorum
1912 2860 2106 2931 anno
2146 2851 2354 2929 Hun-

158 2962 609 3070 gariae”etc.
680 2964 1049 3059 XLVIII„
1103 2968 1614 3042 Romanorum
1629 2962 1952 3055 *‚XX1V.
2044 2957 2351 3062 Imperii

155 3098 358 3151 vero
390 3069 741 3147 secundo.
775 3110 886 3151 τ-
916 3073 1354 3146 Commissio
1399 3070 1706 3176 propria
1740 3066 2045 3142 Domini
2080 3062 2354 3173 regis-‘f

240 3192 346 3263 Ex
381 3193 679 3293 originali.
721 3177 1023 3282 iVagner'
1046 3199 1381 3264 Comitatus
1404 3201 1605 3260 saroa.
1647 3215 1734 3295 p.=
1760 3193 1986 3256 7-10.
2097 3284 2104 3301 ³

1152 3365 1363 3441 CCL.

150 3509 306 3563 Idem
345 3504 735 3578 Sigismundue
755 3504 1025 3560 Patribus
1060 3506 1126 3559 in
1162 3504 1412 3559 Concilio
1431 3503 1758 3559 Basileon-³1⁹
1783 3500 2032 3565 collectis
2044 3499 2339 3556 victoriam
2377 3566 2380 3567 ⁷

164 3597 168 3601 ⁴
356 3595 422 3646 de
459 3594 752 3646 Tuber-itis
785 3590 1063 3647 obtentam
1104 3594 1449 3647 annunciat.
1490 3595 1558 3649 A.
1603 3593 1766 3649 1434.

364 3706 1027 3782 Reuerendissimis
1049 3735 1136 3783 ac
1174 3706 1752 3783 venerabilibus
1794 3707 1872 3782 in
1900 3703 2195 3783 Ghristo
2236 3704 2359 3780 Pa·
2397 3772 2402 3785 .

155 3816 407 3891 tribus
446 3839 534 3888 ac
591 3812 931 3888 Dominis
987 3812 1223 3891 Sacro
1276 3834 1567 3891 sanctae
1623 3812 2012 3890 Generalis
2065 3808 2358 3915 Synodi

162 3920 633 4012 Basiliensis,
688 3921 764 3994 in
809 3916 1094 4022 Spiritu
1143 3920 1418 3995 Sancto
1458 3921 1789 4022 legitime
1819 3921 2359 4023 congregatis,

161 4028 575 4104 Ecclesiam
614 4024 1106 4102 vniuersa'lem
1138 4026 1862 4131 representantibus,
1915 4025 2165 4101 amicis
2205 4052 2357 4103 no-

167 4136 350 4211 stris
397 4132 829 4208 cbarissimis
854 4189 875 4226 ,
932 4160 1019 4209 ac
1056 4152 1260 4238 grate
1307 4151 1379 4207 et
1414 4136 1697 4209 sincere
1756 4134 1971 4210 nobis
2023 4130 2355 4229 dilectis,

165 4237 683 4348 sigismundus
725 4240 870 4318 Dei
910 4243 1144 4344 gratia
1176 4240 1697 4322 Romanorum
1730 4245 2144 4348 Imperator
2173 4264 2357 4318 sem·
