2926 4849
676 509 824 577 786

561 719 753 796 lutus
810 712 1060 774 —-‘·-
1099 753 1343 805 -·-·‚·--
1396 741 1629 820 quam
1690 722 1913 797 etiam
1972 747 2015 794 a
2067 714 2293 794 modo
2353 754 2462 773 -
2508 753 2628 771 --
2668 758 2771 772 —-

501 822 505 829 ’
560 825 806 904 eidem
846 823 1175 928 plenarie
1207 840 1282 900 et
1320 849 1417 899 ex
1443 818 1742 929 integro
1773 863 1881 879 —-
1920 866 2022 884 —-
2059 863 2169 881 —-
2209 863 2313 879 --
2350 848 2527 899 cum
2544 849 2769 929 prae·

557 949 751 1010 taeta
789 932 1054 1007 maiori
1099 949 1349 1006 nostra
1393 946 1739 1022 moneta,
1795 932 2006 1007 cuius
2058 927 2339 1005 scilieet
2385 936 2562 1005 100.
2614 929 2765 1007 de-

553 1041 747 1116 narii
785 1064 1015 1113 vnum
1067 1035 1436 1114 florenum
1501 1040 1661 1113 auri
1708 1038 2036 1132 valeant,
2091 1064 2184 1112 ex
2243 1035 2522 1140 quibus
2564 1065 2760 1115 vnus

555 1147 900 1223 denarius
934 1168 1230 1248 sempev
1265 1161 1342 1220 et
1383 1143 1664 1245 vbique
1700 1169 1846 1246 pro
1909 1169 2064 1223 vno
2116 1142 2475 1220 duntaxat
2526 1141 2760 1221 dem-

558 1257 677 1332 rio
709 1252 1087 1329 nominari
1122 1269 1200 1326 et
1235 1253 1657 1357 computari
1688 1247 1962 1346 debet,
2013 1277 2147 1329 seu
2189 1275 2595 1354 quousque
2643 1281 2754 1328 ea·

555 1361 728 1437 dem
769 1358 978 1438 multi
1040 1357 1407 1453 beabitur,
1443 1382 1618 1434 cum
1648 1374 1821 1434 aute
1844 1358 2041 1436 dicta
2076 1380 2274 1434 noua
2289 1377 2599 1435 moneta
2639 1388 2752 1434 no-

554 1485 708 1545 stra
747 1387 1140 1567 Quartiing
1183 1465 1545 1570 appellata
1568 1521 1591 1559 ,
1647 1464 2061 1541 secundum
2090 1465 2416 1540 valorem
2450 1469 2606 1542 iam
2646 1467 2745 1541 fa-

553 1592 670 1650 iae
701 1576 998 1649 maioris
1033 1591 1329 1649 nostrae
1372 1589 1713 1649 monetae
1749 1572 2186 1667 extrudere,
2241 1588 2320 1647 et
2356 1575 2748 1676 persolue-

548 1710 642 1763 re
675 1722 779 1736 -
820 1720 925 1735 -
969 1720 1073 1737 --
1117 1716 1229 1738 -··
1257 1678 1498 1755 modis
1555 1678 1900 1755 omnibus
1953 1679 2314 1754 debeatis.
2396 1679 2635 1769 Quod
2696 1684 2754 1757 si

547 1789 870 1867 feceritis
906 1786 1105 1862 bene
1144 1787 1493 1888 quidem,
1548 1784 1886 1888 alioquin
1936 1787 2442 1862 commisimus
2498 1829 2607 1844 —
2651 1829 2755 1849 -

553 1938 659 1951 —-
703 1912 809 1950 2—-
850 1911 927 1970 et
965 1896 1494 1996 committimus
1549 1890 1894 1969 fidelibus
1953 1896 2225 1969 nostris
2280 1894 2749 1988 comitibus,

550 2004 669 2080 vel
709 1998 1356 2077 vice-comitibus
1397 2018 1475 2076 et
1504 1997 1895 2075 Judicibus
1940 1996 2323 2077 Nobilium
2356 2040 2468 2055 -—
2506 2043 2740 2061 ——-

491 2204 496 2215 .
554 2152 660 2168 -
699 2127 781 2186 vt
819 2109 959 2214 ipsi
1001 2134 1137 2209 per
1171 2112 1394 2184 vesti-i
1425 2124 1501 2184 et
1529 2124 1862 2182 vestrum
1900 2106 2315 2209 quemlibet
2338 2107 2564 2183 iuxta
2609 2110 2744 2181 vim

551 2258 659 2275 -—-
702 2255 810 2272 -
843 2253 958 2274 --
986 2215 1162 2290 noui
1212 2214 1444 2291 nostri
1500 2210 1785 2290 decreti
1846 2229 2109 2289 contra
2162 2238 2316 2289 non
2372 2216 2751 2291 soluente-

553 2322 880 2400 deoimas
925 2320 1278 2413 stabiliti,
1320 2323 1413 2398 de
1447 2321 1751 2428 singulis
1787 2322 2368 2423 possessionibus
2402 2340 2482 2397 et
2517 2324 2711 2398 viliis
2732 2378 2754 2414 ,

554 2457 751 2538 quoe
787 2457 927 2537 per
953 2429 1168 2504 vnius
1208 2423 1479 2505 mensis
1512 2430 1832 2534 spatium
1870 2427 2348 2505 interdietum
2388 2431 2743 2507 Ecclesia·

551 2540 819 2614 sticum
857 2563 999 2640 pro
1051 2560 1208 2609 non
1252 2537 1621 2613 solutione
1672 2533 2095 2611 huiusmodi
2141 2533 2611 2613 decimarum
2646 2575 2758 2597 —

553 2678 660 2703 --
694 2644 1120 2747 impositum
1142 2643 1396 2717 animo
1430 2640 1777 2717 indurato
1799 2639 2188 2719 tolerando
2208 2701 2226 2730 .
2259 2643 2571 2719 easdem
2594 2644 2752 2720 sol-

559 2773 740 2826 uere
782 2749 1336 2839 recusauerim,
1395 2772 1573 2822 mox
1609 2746 1863 2851 elapso
1903 2749 2130 2854 ipsius
2166 2754 2437 2827 mensis
2479 2755 2745 2855 spatio,

559 2854 933 2934 talismodi
967 2851 1289 2930 decimas
1323 2855 1402 2930 in
1437 2855 1739 2959 singulis
1772 2853 2013 2932 tribus
2043 2858 2309 2933 marcis
2346 2856 2756 2960 bii-sagiali·

463 3055 476 3062 -
561 2961 743 3059 bue,
799 2989 940 3069 pro
977 2987 1060 3036 se
1102 2961 1405 3039 indilate
1435 2959 1886 3067 exigendis,
1940 3001 2051 3021 ·-
2107 3000 2211 3020 ·-·
2266 3003 2375 3021 —-
2432 2965 2760 3041 Domino

566 3071 941 3175 Episcopo
959 3066 1347 3174 -extradari
1385 3064 1635 3146 fucere
1672 3086 2090 3146 teneantur.
2132 3108 2240 3128 --
2289 3105 2402 3172 -ῥ-
2439 3110 2549 3126 --
2594 3076 2758 3148 Da-

569 3196 731 3253 tum
790 3179 1065 3279 Pragae
1109 3199 1218 3230 ’-
1255 3213 1368 3235 --
1396 3215 1510 3234 —
1555 3211 1663 3235 -·
1704 3216 1809 3229 --
1850 3180 2193 3279 proxima
2255 3196 2425 3282 post
2476 3179 2759 3255 festum

570 3285 783 3360 Beati
820 3279 1105 3386 Aegidii
1155 3279 1497 3357 Abbatiss
1539 3285 1761 3357 Anno
1804 3284 2109 3359 Domini
2162 3285 2754 3362 MCDXXXVI.

655 3407 835 3496 Apud
862 3406 1143 3474 Szeredai
1178 3409 1330 3474 Hist.
1375 3407 1537 3494 Epis·
1581 3409 1844 3473 Transii,
1894 3432 1960 3495 p.
2005 3433 2070 3494 p.
2118 3412 2257 3474 149.
2299 3432 2441 3497 sqq.

1245 3651 1246 3654 ,
1370 3565 1915 3670 cchxxsn.

566 3711 718 3767 Idem
746 3709 1136 3783 &gismundue
1155 3687 1569 3781 possessionem
1608 3711 1779 3765 Gerus
1804 3717 2050 3764 stream
2085 3711 2364 3768 militibus
2400 3717 2536 3770 suis
2567 3720 2752 3772 donn.

761 3806 828 3861 A.
872 3803 1032 3862 1436·

759 3919 1276 4024 Sigismundus
1313 3960 1418 3977 -·
1460 3921 1625 3996 Rex
1661 3945 1803 4025 per
1864 3917 2242 3998 defectum
2292 3919 2752 4019 sebastiani,

562 4026 718 4105 filio
780 4030 1114 4120 Nicolai,
1173 4026 1302 4105 filii
1358 4026 1718 4119 hannis,
1777 4024 1906 4103 filii
1985 4028 2345 4124 Dionisii,
2404 4029 2536 4106 fflii
2589 4037 2754 4108 An-

562 4136 823 4233 dreae,
880 4137 1010 4213 filii
1045 4136 1388 4237 Dionysii
1421 4135 1515 4210 de
1549 4131 1884 4237 Imregb,
1943 4133 2038 4209 de
2092 4162 2370 4240 genere
2415 4138 2746 4245 Kopion,

559 4247 1091 4347 possessionem
1130 4245 1363 4350 ipsius
1401 4245 1671 4338 Gerus,
1702 4241 2122 4346 alias-Nagy
2156 4239 2392 4322 Get-es
2431 4250 2747 4326 strenuis
