2926 4849
524 427 529 432 ’
641 431 853 586 ,590

559 687 916 770 necandis
951 704 1030 765 et
1050 682 1644 793 congregandis,
1697 684 1790 765 ad
1824 683 2046 764 fidem
2079 712 2348 767 eorum
2389 688 2558 766 Deo
2596 684 2744 766 de-

556 793 838 892 bitam,
903 795 1483 898 fidelitatemque
1540 798 1867 874 Domino
1917 811 2173 874 nostro
2231 798 2428 921 regi,
2481 813 2560 872 et
2602 821 2744 874 suo

556 930 774 982 sacro
792 903 1184 980 diademati
1207 899 1817 998 conseruandam‚
1852 921 2048 982 tacto
2082 902 2500 978 dominicae
2536 903 2744 977 Cru-

557 1010 665 1087 cis
696 1012 895 1115 ligno
938 1011 1405 1114 praestitam,
1458 1008 1553 1086 de
1593 1036 1724 1087 eo:
1779 1010 1901 1085 Ad
1934 1010 2143 1086 cuius
2183 1015 2744 1115 partis‘posses-

500 1195 507 1212 ,
557 1118 849 1194 sionem
882 1118 1075 1194 dicta
1098 1137 1295 1194 terra
1336 1117 1640 1219 litigiosa
1669 1117 2043 1222 pertinere
2074 1116 2408 1207 deberet,
2440 1134 2516 1193 et
2549 1144 2743 1219 quae

553 1224 882 1330 ipsarum
916 1226 995 1301 in
1041 1221 1370 1303 dominio
1414 1222 1830 1302 huiusmodi
1874 1241 2115 1300 terrae
2172 1251 2468 1330 semper
2514 1240 2594 1299 et
2652 1221 2748 1298 ab

557 1334 869 1432 antiquo
910 1334 1291 1422 extitisset,
1323 1332 1542 1408 simul
1574 1350 1651 1409 et
1687 1332 1911 1406 semel
1948 1331 2042 1404 ad
2099 1332 2421 1406 inuicem
2461 1325 2752 1436 proce-

442 1505 448 1514 .
559 1438 853 1522 dendo,
907 1442 1218 1529 scirent,
1272 1439 1740 1542 inquirerent
1782 1441 1864 1516 et'
1910 1438 2438 1542 experirentur
2489 1439 2751 1512 omni-

558 1544 864 1630 modam
882 1547 1316 1664 veritatem,
1352 1565 1433 1632 et
1462 1543 1838 1647 posthaec
1871 1546 2095 1650 ipsius
2121 1543 2750 1650 possessionariae

563 1651 1205 1743 reambulationis,
1282 1670 1647 1728 metarum
1702 1652 2350 1728 demonstrationis
2387 1709 2410 1744 ,
2497 1653 2749 1727 consi-

559 1760 969 1863 guntionis,
1026 1760 1458 1851 reuisionis,
1510 1757 2029 1836 aestimationis
2073 1778 2151 1836 et
2178 1762 2595 1862 communis
2632 1760 2748 1832 in-

565 1866 985 1966 quisitionis
1014 1865 1280 1941 seriem
1300 1921 1323 1960 ,
1377 1892 1547 1944 cum
1586 1865 1911 1972 propriis
1939 1881 2014 1940 et
2045 1866 2592 1970 possessionum
2622 1881 2743 1939 at-

563 1975 979 2056 testantium
1011 1973 1433 2050 nominibus
1470 1965 1568 2054 ad
1615 1964 1911 2052 octauas
1953 1973 2122 2050 festi
2169 1972 2759 2080 Epiphaniarum

564 2081 870 2158 Domini
913 2079 1214 2158 dilatiue
1249 2080 1703 2177 deuenisset3
1759 2078 2055 2172 tandem
2096 2079 2275 2183 ipsis
2313 2079 2590 2156 octauis
2619 2081 2759 2154 in·-

564 2185 966 2278 stantibus,
1002 2186 1355 2290 Magister
1391 2185 1848 2289 Stephanus,
1884 2186 2302 2267 Canonicus
2340 2184 2582 2263 dictae
2615 2183 2766 2262 Ec-

566 2295 833 2371 clesiae
855 2294 1222 2388 Albensis,
1256 2320 1395 2398 pro
1430 2292 1634 2369 dicto
1680 2294 2020 2397 Capitulo
2061 2294 2435 2369 Ecclesiae
2465 2291 2766 2367 Alben-

567 2403 667 2480 εἰς
700 2428 870 2477 cum
891 2401 1424 2506 procuratoriis
1456 2398 1690 2477 literis
1724 2397 2055 2477 eiusdem
2085 2401 2404 2503 Capituli
2448 2398 2543 2476 ab
2583 2427 2760 2488 vna,

565 2525 780 2613 parte
815 2535 996 2583 vero
1037 2533 1131 2583 ex
1164 2509 1392 2583 altera
1427 2507 1796 2609 Magister
1820 2506 2139 2585 Thomas
2180 2505 2558 2601 Crucifer,
2602 2508 2763 2611 pro

567 2616 933 2691 annotatis
978 2615 1231 2689 Priore
1268 2632 1343 2693 et
1374 2616 1801 2704 Conuentu,
1859 2641 2029 2690 cum
2074 2617 2606 2719 procuratoriis
2648 2611 2764 2690 li-

336 2760 349 2779 r
446 2768 453 2774 ·
510 2810 518 2817 ⁰
568 2720 749 2797 teris
791 2720 1119 2797 eiusdem
1164 2721 1623 2813 ConuentuS‚
1653 2723 1729 2796 in
1777 2732 2104 2797 nostram
2132 2723 2497 2799 veniendo
2534 2748 2764 2827 prae·

440 2924 445 2931 ι
567 2826 878 2903 sentiam
923 2828 1339 2905 retulerunt
1377 2855 1472 2906 eo
1514 2827 1775 2904 modo:
1836 2827 2060 2917 Quod
2100 2830 2238 2934 ipsi
2283 2828 2766 2932 Capitulum,

571 2936 791 3010 Prior
833 2952 909 3035 et
937 2936 1372 3013 Conuentus
1415 2924 1887 3038 praemissam
1923 2955 2250 3013 nostram
2294 2939 2770 3014 iudiciariam

572 3044 1176 3119 commissionem
1217 3036 1537 3121 termino
1574 3044 1650 3118 in
1687 3042 2106 3147 praedicto.
2147 3044 2595 3146 quibusdam
2630 3071 2768 3122 eo-

572 3175 740 3224 rum
776 3151 1087 3250 negotiis
1109 3152 1547 3256 praepediti,
1580 3149 1939 3255 perficere
1962 3157 2492 3253 nequitiissent,
2523 3180 2761 3254 quam

569 3255 798 3331 iidem
841 3282 980 3332 suo
1019 3257 1248 3335 modo
1289 3257 1647 3364 perficere
1686 3257 1975 3333 vellent.
2033 3260 2127 3336 Et
2175 3260 2348 3363 quia
2391 3260 2543 3364 ipsa
2597 3286 2766 3335 no·-

567 3378 719 3439 stra
755 3362 1135 3440 iudiciaria
1170 3365 1600 3440 commissio
1640 3362 1835 3440 inter
1877 3365 2067 3468 ipsas
2102 3385 2347 3471 partes
2387 3393 2522 3440 suo
2576 3394 2770 3445 mo·-

571 3468 671 3544 do
704 3468 965 3575 perfici
1004 3466 1369 3561 debebat,
1426 3497 1569 3574 pro
1610 3496 1696 3546 ea
1741 3490 2050 3548 vestram
2087 3473 2481 3548 amicitiam
2521 3501 2758 3578 prae-

570 3571 902 3653 sentibus
940 3580 1256 3680 petimus
1293 3576 1722 3681 diligenter,
1778 3598 2146 3683 quatenus
2187 3597 2472 3654 vestros
2514 3581 2768 3658 mitta·

570 3683 660 3756 tis
701 3680 1076 3775 homines,
1154 3704 1293 3787 pro
1345 3687 1676 3787 Vtrisque
1737 3685 2069 3787 partibus
2119 3683 2261 3789 pro
2322 3689 2771 3765 testimoniis

566 3786 714 3863 fide
753 3789 1055 3891 dignos,
1095 3791 1369 3895 quibus
1400 3795 1901 3897 praesentibus
1954 3793 2280 3897 Magistri
2317 3793 2766 3872 Valentinus

452 3935 463 3946 ·
565 3890 660 3970 de
690 3896 1208 4001 Zenthgeorg‚
1266 3898 1389 3972 vel
1434 3899 1809 3999 Ladislaus
1861 3901 1954 3978 de
2010 3901 2240 3989 Alba,
2317 3919 2443 3977 aut
2492 3903 2761 3977 Geor-

560 4003 722 4103 gius
781 4003 875 4081 de
939 4003 1411 4110 Chemperd,
1466 4006 1620 4082 aliis
1675 4006 2104 4107 absentibus
2168 4004 2393 4083 homo
2447 4026 2756 4105 noster,

563 4107 656 4184 de
702 4111 927 4189 Curia
959 4114 1160 4215 regia
1205 4141 1342 4218 per
1379 4138 1514 4209 nos
1554 4114 1649 4191 ad
1678 4113 1754 4191 id
1792 4113 2212 4216 specialiter
2251 4117 2756 4191 transmitten-

502 4212 506 4219 ’
554 4214 691 4295 dus
720 4272 775 4307 ,-
832 4221 1188 4323 vigesimo
1252 4220 1372 4296 die
1434 4215 1599 4294 festi
1669 4226 1743 4299 Β.
1826 4219 2203 4299 Michaelis
2260 4208 2752 4326 Archangeli,
