2926 4849
629 491 783 566 352

526 699 704 773 Iium
731 697 908 771 dicti
948 694 1358 771 Comitatus
1392 689 1736 767 Albensis
1774 688 1969 769 sedis
1988 686 2202 766 Solth
2226 747 2248 787 ,
2291 691 2496 769 iuxta
2527 720 2738 768 man-

524 803 693 880 data
728 798 1060 878 eiusdem
1102 801 1407 877 Vestrae
1444 795 1880 877 Set-enitatis
1940 802 2371 876 conuocatis
2398 857 2418 893 ,
2475 820 2551 876 et
2604 805 2732 879 iis·

527 911 701 986 dem
757 935 842 983 ae
894 909 1243 1010 religioso
1283 908 1467 981 Viro
1521 903 1803 979 Thema
1878 904 2315 999 crucifero,
2391 909 2730 1012 legitimo

522 1019 1020 1094 Procurator-e
1052 1013 1495 1090 eorumdem
1530 1014 1801 1087 Prioris
1852 1029 1930 1088 et
1985 1012 2448 1107 conuentus,
2508 1042 2724 1119 prae·

495 1123 904 1222 vsentibus,
960 1121 1425 1227 praescripto
1468 1137 1646 1194 vero
1683 1122 2013 1195 Domino
2068 1120 2406 1196 Johanne
2454 1121 2724 1197 Archi·

527 1231 885 1337 episeopo
917 1227 1091 1304 illue
1135 1256 1284 1303 non
1325 1226 1715 1316 veniente,
1774 1251 1911 1301 nee
1962 1227 2302 1302 mittente
2367 1234 2726 1305 accessis·-

449 1411 450 1414 ,
527 1355 732 1428 sent,
788 1337 1048 1435 ibique
1093 1336 1317 1409 vicini
1352 1353 1428 1413 et
1468 1334 1951 1408 commetanei
1977 1388 1999 1426 ‚
2037 1333 2480 1438 nobilesque
2520 1363 2728 1410 com·

530 1443 1025 1548 prouinciales
1056 1438 1146 1515 ad
1189 1438 1411 1515 fidem
1447 1465 1710 1515 eorum
1762 1442 1929 1514 Deo
1993 1438 2363 1529 debitam,
2413 1440 2726 1518 fidelita-

534 1570 833 1650 temque
871 1549 1081 1625 vobis
1105 1567 1180 1623 et
1201 1575 1413 1623 sacro
1436 1546 1703 1621 Vestro
1738 1545 2129 1621 diademati
2154 1548 2725 1636 obseruandum,

535 1674 732 1731 taeto
754 1656 1190 1732 Dominicae
1215 1653 1475 1729 Crucis
1497 1653 1709 1756 signo
1731 1655 2155 1752 praestitam
2183 1656 2350 1729 sassi
2375 1657 2681 1731 fuissent
2706 1686 2721 1729 ε

534 1766 775 1865 primo
815 1758 1228 1837 Matthaeus
1258 1761 1354 1835 Jo
1389 1758 1627 1833 dictus
1659 1758 1754 1834 de
1793 1761 1850 1832 F
1853 1787 2024 1862 ayt,
2086 1760 2351 1835 nobilis
2377 1761 2723 1867 ,praedia-

529 1870 619 1945 lis
658 1870 1089 1945 Monasterii
1125 1863 1712 1957 zatun-diensis,
1767 1866 1994 1941 fassus
2027 1867 2281 1943 fuisset
2334 1895 2428 1944 ex
2482 1872 2717 1944 scitu:

535 1976 744 2081 quod
783 1973 1145 2077 quaedam
1183 1991 1430 2050 terrae
1475 1971 1789 2047 arabiles
1826 1973 1919 2047 ab
1963 1974 2173 2076 sylua
2217 1974 2586 2068 Chontha,
2618 1990 2721 2051 'et

533 2100 742 2188 prata
778 2084 1194 2184 Istvanaga,
1249 2109 1291 2155 a
1325 2098 1571 2157 meatu
1610 2080 1890 2181 Wayas
1923 2082 2389 2184 incipiendo,
2427 2107 2723 2186 semper

497 2196 502 2202 ’
534 2189 1099 2265 Cruciferorum
1135 2187 1457 2261 de‚Alba
1500 2185 1993 2290 praefuissent
2038 2206 2114 2263 et
2153 2188 2244 2264 ad
2287 2190 2559 2265 dictam
2595 2214 2723 2265 eo—

535 2322 702 2372 rum
742 2295 1279 2400 possessionem
1321 2293 1598 2391 Halazy
1639 2295 2205 2395 pertinuissent3
2259 2295 2389 2370 sed
2443 2297 2538 2372 de
2578 2322 2725 2371 no·-

538 2428 638 2478 uo
676 2426 811 2507 per
845 2400 1299 2475 Castelianes
1339 2399 1515 2475 dicti
1548 2401 1848 2475 Domini
1894 2401 2456 2507 Archiepiscopi
2501 2430 2721 2479 occu-

535 2525 707 2614 pata
726 2526 797 2583 et
829 2508 918 2582 ad
943 2508 1479 2609 possessionem
1500 2507 1657 2581 eius
1694 2506 1946 2609 Orozy
1969 2510 2324 2610 applicata
2364 2510 2668 2584 fuissent
2700 2540 2721 2602 3

533 2616 731 2691 Item
764 2613 1092 2689 Jaeebus
1117 2671 1136 2703 ‚
1194 2613 1385 2688 filius
1423 2609 1777 2687 Johannis
1816 2614 1910 2688 de
1949 2613 2139 2690 dieta
2172 2616 2368 2714 Fayz
2402 2643 2494 2691 ex
2527 2618 2723 2691 scitu

536 2725 726 2825 ipsas
792 2739 1024 2795 terras
1083 2720 1392 2807 arabiles
1431 2745 1537 2809 ‚ac
1599 2719 1882 2819 syluam
1933 2722 2209 2813 Cantha
2282 2742 2356 2797 et
2426 2740 2729 2826 pratum

535 2829 915 2928 Istvanaga
987 2851 1282 2929 semper
1329 2826 1417 2900 ad
1471 2827 1743 2902 dictam
1817 2832 2355 2931 possessionem
2450 2826 2728 2928 Halazy

537 2935 984 3038 pertinuisse
1033 2931 1189 3010 fore
1217 2991 1238 3024 ,
1299 2932 1428 3008 sed
1468 2960 1744 3037 nuper,
1806 2933 2155 3009 videlicet
2198 2940 2400 3010 circa
2451 2935 2729 3009 festum

537 3040 949 3117 Natiuitatis
992 3040 1259 3116 Christi
1309 3045 1653 3142 proxime
1707 3042 2189 3141 praeteritum
2250 3069 2384 3145 per
2444 3039 2732 3146 praefa-

541 3165 656 3225 tos
699 3147 1148 3223 castellanos
1200 3146 1289 3221 de
1327 3146 1691 3224 ‘Kalacha‘
1725 3148 1813 3221 ad
1873 3148 2145 3224 dictam
2187 3151 2729 3250 possessionem

539 3254 839 3355 Orozy‚
898 3256 1124 3357 ipsius
1164 3253 1724 3358 Archiepis'copi
1765 3255 2163 3360 applicatas
2210 3254 2501 3345 fuisse,‘
2540 3270 2731 3329 atte-

536 3378 764 3437 status
819 3364 1210 3454 extitisset3
1284 3363 1470 3435 Item
1504 3360 1877 3446 ·Michae'l,
1936 3361 2137 3435 filius·
2180 3361 2565 3436 Benedicti
2629 3360 2731 3434 de

538 3471 984 3571 praescripta
1025 3468 1256 3566 Fay2‚
1315 3495 1406 3541 ex
1443 3473 1630 3544 scitu
1676 3469 1900 3543 fassus
1939 3466 2227 3543 fuisset:
2290 3487 2365 3541 vt
2397 3468 2727 3542 Jacobus

536 3575 921 3650 antefatus».
979 3577 1160 3648 Item
1209 3574 1566 3666 ThomaS,
1621 3574 1810 3648 fiiius
1852 3576 2089 3665 Gaui,
2146 3574 2584 3649 Benedictus
2646 3576 2731 3648 fi-

537 3680 672 3754 lius
740 3680 1136 3771 Matthaei,
1214 3678 1582 3785 Philippus
1646 3680 1831 3756 filius
1881 3681 2233 3756 Matthiae
2285 3680 2377 3754 de
2443 3681 2727 3774 Beech,

535 3787 860 3861 Jacobus
907 3790 1090 3862 fliius
1129 3784 1397 3889 Egidii,
1452 3807 1531 3863 et
1569 3786 1914 3864 Nicolaus
1953 3787 2139 3887 filius
2184 3788 2585 3863 Clementis
2624 3789 2721 3864 de

535 3896 876 3983 Dusn0k‚
920 3899 1410 3970 commetanei
1445 3914 1541 3969 ex
1574 3896 1758 3970 scitu
1800 3895 1962 3969 fassi
1995 3894 2302 3970 fuissent
2337 3923 2427 3970 eo
2468 3895 2723 3980 modo,

537 4003 735 4076 sicut
781 4000 1187 4077 Matthaeus
1245 4002 1679 4077 antedictus.
1755 4006 1944 4077 Item
2004 3998 2371 4076 Ladislaus
2424 4003 2720 4078 Kemen

537 4125 616 4181 et
648 4107 1020 4184 Johannes
1058 4110 1396 4184 similiter
1441 4110 1728 4184 Kemen
1772 4110 1951 4184 dieti
1987 4106 2078 4183 de
2121 4108 2576 4201 KertweleS‚
2634 4136 2722 4185 ae

537 4212 790 4293 Gallus
825 4213 1020 4291 filius
1056 4214 1431 4322 Benedicti
1484 4215 1575 4291 de
1622 4217 1689 4292 N
1693 4214 2062 4317 agwdwar
2098 4216 2721 4321 Comprouineia·
