2926 4849
699 477 850 546 902

585 709 737 790 quo
775 699 1274 759 nostra-stem
1303 676 1641 782 fungitur
1669 676 1959 785 religio.
2014 662 2304 767 Quibus
2339 676 2619 755 habitis
2646 707 2763 756 vo-

583 791 870 874 lumus.
925 786 1132 891 quod
1173 788 1384 861 vinea
1411 841 1431 877 ‚
1465 810 1607 889 seu¹
1636 804 2043 889 prouentus
2083 786 2413 867 eiusdem
2460 788 2766 864 redeant
2864 850 2866 857 .

582 894 686 975 ad·
711 921 922 971 vsum
961 890 1299 970 fratrum.
1355 892 1687 968 Demum
1723 892 1814 966 ad
1850 910 2172 969 nostram
2210 891 2530 969 deuenit
2573 899 2768 971 noti-

583 1008 800 1097 tiam,
839 998 1241 1105 :quomodo
1294 996 1596 1102 aliquae,
1627 1000 2119 1101 possessiones
2163 998 2255 1073 ad
2303 1000 2767 1103 praedictum

580 1105 1535 1209 conuentumpertinentes
1558 1103 1953 1206 aliquando
1994 1106 2412 1207 perduntur
2445 1109 2577 1181 vel
2615 1136 2767 1212 per·

580 1216 659 1294 di
702 1232 1051 1319 possunt,
1101 1278 1106 1283 .
1160 1229 1423 1315 ropter
1456 1209 1835 1287 defectum
1865 1212 2250 1295 solutionis
2286 1213 2765 1289 denariorum

582 1320 1038 1415 censualium
1082 1239 1561 1394 gerenisoimi·
1591 1318 1887 1405 Domini
1920 1320 2450 1419 Imperatoris:
2518 1345 2757 1419 quam-

576 1429 841 1505 obrem
891 1452 1289 1531 precamur
1329 1444 1701 1530 quatenus
1727 1427 1924 1503 vices
1973 1424 2283 1529 Vestras
2308 1423 2607 1505 addere
2639 1455 2756 1502 ve-

579 1534 726 1611 litis
750 1590 775 1626 ,
834 1552 1216 1635 et.capere
1253 1533 1347 1607 de
1383 1530 2342 1636 melioribuspnouentibus
2389 1551 2475 1608 et
2527 1534 2761 1611 fructi·

581 1643 719 1717 bus
752 1664 1106 1716 censuum
1128 1692 1150 1730 ‚
1203 1664 1554 1744 agrorum
1574 1668 1628 1727 ,4¹
1643 1640 2059 1730 vinearum,
2095 1664 2227 1715 seu
2260 1666 2768 1743 quorumcun-

577 1774 727 1850 que
771 1746 1143 1822 bonorum
1182 1744 2228 1850 praenominati-conuentus,
2254 1764 2334 1821 et
2378 1746 2478 1823 de
2532 1746 2766 1825 huius·

574 1853 778 1930 modi
828 1852 1144 1929 denariis
1162 1850 1605 1948 satisfacere,
1644 1850 1888 1931 donec
1933 1851 2338 1937 clementer
2374 1881 2528 1957 per
2564 1854 2768 1931 Sere·

574 1962 978 2037 nissimum=
1014 1962 1117 2035 D:
1165 1963 1709 2064 Imperatorem,
1763 1957 1978 2041 aliter
2031 1958 2255 2034 fuerit
2310 1959 2761 2041 ordinatum.

571 2068 665 2145 Et
699 2087 779 2142 vt
808 2066 1112 2143 affectus
1157 2067 1406 2143 Vestri
1448 2068 1527 2141 in
1585 2063 1999 2143 huiusmodi
2054 2067 2346 2170 pietatis
2406 2069 2785 2172 operibus¹

571 2177 943 2278 magisac·
969 2175 1197 2278 mgis
1237 2174 1745 2263 inardescant,
1792 2174 2134 2277 cupimus
2171 2171 2391 2259 vobis
2429 2177 2517 2249 in
2558 2178 2766 2280 spiri-

572 2281 892 2357 tualibus
940 2281 1184 2359 vicem
1250 2281 1655 2358 refundere
1715 2278 2132 2357 salutarem.
2218 2280 2487 2370 Quare
2554 2283 2764 2371 vobis

572 2387 961 2483 omnibus,
1017 2386 1148 2490 qui
1185 2387 1279 2464 ad
1334 2385 1615 2467 dictum
1651 2412 1845 2493 opus
1895 2387 2156 2464 soliciti
2192 2387 2536 2482 fueritis,
2601 2415 2763 2495 par-

573 2496 1092 2601 ticipationem,
1117 2495 1639 2591 concedimus,
1694 2511 2051 2600 quantum
2083 2519 2259 2571 cum
2290 2497 2473 2574 Deo
2513 2523 2761 2599 possu-
2862 2569 2863 2580 ,

570 2628 772 2695 mus,
830 2603 1158 2694 omnium
1225 2600 1666 2696 Missurum,
1721 2603 2205 2694 orationum,
2249 2603 2754 2693 ieiuniorum,

570 2707 981 2810 vigiliarum
1010 2761 1031 2801 ,
1087 2706 1741 2802 abstinentiarum,
1792 2708 2436 2814 praedicationum
2465 2767 2490 2802 ‚
2567 2737 2752 2788 con-

565 2813 972 2890 fessionum
987 2863 1014 2909 ,
1037 2814 1727 2918 peregrinationum
1744 2870 1797 2905 ‚.
1828 2814 2211 2908 laborum,
2246 2834 2754 2893 caeterorum-

565 2947 716 3026 que
759 2920 1547 3015 bonorum-omnium,
1579 2948 1772 3024 quae
1808 2949 1949 3028 per
1984 2948 2122 2997 nos
2166 2939 2244 2998 et
2280 2921 2594 2999 Fratres
2632 2954 2754 3002 no-

401 3039 406 3048 ‘
511 3121 516 3124 ,
562 3047 753 3104 strae
792 3029 1013 3103 totius
1059 3054 1305 3105 sacrae
1334 3028 1717 3131 religionis
1759 3030 2057 3133 operari
2097 3028 2538 3132 dignabitur
2589 3033 2748 3109 cle·

489 3161 499 3178 ·
562 3135 840 3210 mentia
887 3133 1294 3212 Saluatoris
1342 3137 1416 3209 in
1467 3139 1926 3242 vitapariter
1948 3154 2039 3220 set
2085 3139 2475 3214 inmorte.
2544 3139 2741 3214 Adii·

559 3242 840 3317 cientes
898 3240 1376 3319 nihilominus
1431 3258 1508 3317 et
1553 3239 1647 3319 de
1693 3248 1929 3348 gratia
1966 3244 2265 3345 speciali
2305 3249 2741 3322 conceden-

562 3364 714 3438 tes,
770 3362 850 3422 vt
879 3372 1063 3436 oum
1105 3348 1456 3426 obituum.
1489 3349 1931 3430 Vestrorum
1968 3352 2332 3426 memoria
2364 3353 2448 3425 in
2486 3371 2742 3429 nostro

561 3453 908 3528 Generali
970 3456 1315 3557 Capitulo
1370 3456 1601 3531 fuerit
1655 3460 1961 3536 recitata
1987 3512 2008 3551 ‚
2067 3458 2275 3534 ,idem
2326 3485 2477 3562 pro
2537 3460 2737 3535 vohis

557 3555 750 3651 fiet‚=
785 3557 989 3663 quod
1026 3589 1168 3666 pro
1201 3561 1585 3639 Fratribus
1617 3562 1988 3642 defunctis
2036 3565 2265 3641 nostri
2329 3565 2616 3642 ordinis
2658 3568 2721 3638 in

559 3665 825 3743 eodem
875 3663 1037 3742 fieri
1086 3687 1563 3763 consuetum3
1636 3670 2063 3752 mandantes
2114 3672 2472 3747 omnibus
2532 3671 2723 3747 nobis

554 3770 1038 3848 inferioribus
1072 3777 1151 3850 in
1182 3780 1473 3852 .virtute
1521 3795 1818 3854 sanctae
1881 3777 2389 3873 obedientiae,
2470 3799 2548 3857 et
2598 3777 2757 3851 sub*

551 3904 794 3982 poena
849 3879 1362 3973 rebellionis,.
1408 3900 1770 3983 quatenus
1827 3887 1921 3960 in.
1966 3886 2392 3989 praemissis
2448 3887 2732 3961 nullum
2856 3895 2857 3942 i

551 3983 764 4076 nobis
802 4004 1194 4090 praestent,
1218 3989 1856 4093 impedimentum.
1888 3993 1973 4066 ln
2007 3987 2234 4078 cuiu's,
2250 3992 2370 4068 rei
2408 3997 2729 4068 testimo-

549 4095 752 4167 nium
774 4147 796 4186 ,
833 4091 1161 4195 sigillum
1197 4098 1433 4173 nostri
1466 4099 1940 4201 generalatus
1966 4102 2182 4176 officii
2214 4099 2725 4205 praesentibus

546 4214 660 4272 est
689 4223 1120 4302 appensum.
1175 4205 1592 4282 Datumvti
1636 4231 1923 4310 supra,-
1976 4233 2175 4283 anno
2210 4207 2512 4282 Domini
2547 4202 2720 4279 Mil-
