2926 4849
2022 490 2169 558 893

125 846 430 895 conuentus
451 843 513 895 de
548 826 1006 899 Kolosmonoscro
1038 841 1317 914 querelam
1348 857 1456 910 per
1507 839 1781 899 decenus,
1836 853 2007 913 oeque
2040 843 2280 897 interdi-

261 949 270 953 ’
297 947 435 984 cemes
469 934 801 1004 Episcopale
834 947 1271 1006 aggrauatorum
1315 933 1568 1003 exponit.
1624 932 1690 985 A.
1729 929 1887 984 1437.

296 1041 724 1119 Conuentus
759 1044 1185 1120 Monasterii
1220 1043 1493 1118 Beatae
1531 1041 1807 1116 Mariae
1835 1041 2150 1143 Virginis
2184 1044 2279 1119 dc

120 1149 654 1225 Clusmonostra
695 1191 799 1204 --
837 1187 947 1205 -
982 1150 1482 1272 praesentium
1529 1148 1865 1224 notitiam
1924 1146 2281 1227 habituris

117 1256 423 1331 salutem.
519 1256 664 1331 Ad
684 1259 1197 1333 vniuersorum
1243 1258 1579 1331 notitiam
1633 1271 1892 1331 tenore
1935 1281 2277 1356 praesen·

119 1365 289 1436 tium
320 1360 657 1438 volumus
697 1364 1108 1466 peruenire.
1205 1362 1432 1452 Quod
1474 1356 1768 1437 nobiles
1810 1363 1990 1456 viri,
2045 1361 2279 1437 Ladi-

113 1469 328 1551 slaus,
381 1466 569 1543 filius
607 1466 1030 1556 Benedicti,
1085 1467 1354 1545 Farkas
1381 1508 1492 1523 —
1528 1510 1631 1522 -
1660 1467 1924 1543 Paulus
1968 1466 2279 1571 Magnus

113 1572 201 1650 de
242 1557 320 1648 ἶ
312 1572 691 1670 aidahaza,
760 1576 1127 1653 vexillifer
1168 1575 1686 1651 Vniuersitatis
1732 1575 2278 1675 regnicolarum

109 1681 662 1784 Hungarorum,
718 1698 797 1758 et
835 1683 1328 1760 Valachorum
1379 1679 1929 1757 Transiluaniae
1956 1741 1974 1773 ,
2011 1721 2123 1741 —
2170 1721 2277 1738 -·

109 1787 319 1890 parili
357 1810 546 1865 voce
580 1774 1100 1884 detexerunt,
1113 1808 1192 1866 et
1223 1789 1541 1867 confessi
1578 1800 1749 1864 sunt
1788 1792 1856 1862 in
1895 1788 2089 1864 hunc
2125 1818 2276 1865 mo·

104 1896 319 1969 dum:
374 1895 596 1984 Quod
638 1908 1095 2000 quamquam
1139 1895 1518 2003 praedicta
1555 1895 2017 1972 Vniuersitas
2053 1898 2278 1970 Hun-

106 2027 448 2104 garorum
484 2019 559 2076 et
601 2000 1154 2079 Valachorum
1131 2033 1211 2079 m
1259 2005 1370 2079 his
1409 2000 1743 2108 partibus
1786 2004 2278 2078 ‘Iiunsiluanis

101 2148 206 2162 -
239 2111 891 2201 commorantium,
948 2124 1105 2185 tum
1159 2136 1298 2214 pro
1353 2135 1495 2205 ec,
1552 2110 1726 2211 quia
1784 2109 2276 2184 Reum-endas

102 2215 181 2288 in
228 2213 510 2291 Christo
563 2215 819 2309 Pater,
877 2217 1242 2293 Dominus
1276 2218 1643 2321 Georgius
1690 2214 1927 2319 Lepes
1962 2217 2278 2320 Episco-

92 2346 233 2427 pus
287 2319 884 2413 Transsiluanus,
960 2350 1122 2398 suas
1175 2276 1529 2399 decimas?
1552 2350 1645 2398 ex
1689 2342 1900 2426 parte
1943 2323 2276 2398 eiusdem

98 2427 615 2505 Vniuersitatis
647 2429 789 2505 sibi
828 2426 1247 2527 debendus,
1303 2449 1653 2507 cut-rente
1690 2448 1985 2506 moneta
2024 2431 2279 2505 vilium

91 2535 573 2624 denaniorum
632 2538 936 2640 exigere
988 2539 1290 2629 nolens,
1388 2537 1550 2612 fere
1615 2535 1851 2612 uibus
1912 2538 2119 2610 annis
2180 2533 2276 2612 ad

88 2643 295 2746 ipsos
349 2643 933 2738 accumulando,
987 2642 1356 2719 moderno
1410 2661 1749 2747 tempore
1806 2670 1974 2718 cum
2014 2671 2277 2748 magna
2374 2673 2389 2678 ‘

85 2766 170 2822 et
223 2751 641 2852 ponderosa
696 2750 991 2827 moneta
1049 2767 1503 2852 extorquere
1574 2749 1959 2845 voluisset,
2015 2752 2091 2825 in
2147 2776 2276 2825 eos

81 2856 334 2931 minus
375 2859 560 2930 iuste
599 2875 672 2932 et
709 2853 1041 2931 indebite
1072 2858 1674 2959 praegrauand0‚
1730 2875 2043 2961 propter
2076 2881 2274 2958 qua-

75 2990 254 3038 rum
294 2961 755 3040 decimarum
804 2987 958 3034 non
1009 2962 1450 3037 solutionem
1502 2962 2143 3038 ecclesiasticum
2126 2990 2277 3036 im·-

74 3071 452 3176 posuisset
480 3069 960 3144 interdictum
998 3086 1137 3143 etc.
1195 3069 1468 3142 Datum
1507 3065 1888 3145 Sabbatho
1927 3071 2274 3193 proximo

74 3188 258 3281 post
295 3177 567 3250 festum
611 3174 1065 3250 visitationis
1107 3172 1376 3251 Beatae
1426 3176 1706 3249 Mariae
1746 3175 2065 3278 vinginis
2085 3233 2110 3267 ,
2150 3204 2275 3250 an·

74 3308 181 3357 no
225 3283 532 3356 Domini
565 3281 955 3359 Millesimo
1000 3279 1729 3389 quadringentesimo
1766 3283 2138 3362 tricesimo
2169 3307 2273 3358 sc-

74 3389 403 3494 ptimof‘

167 3518 362 3607 Apud
396 3517 606 3582 Benk6
645 3525 757 3608 Ep.
804 3518 976 3589 Milk.
1019 3531 1173 3586 tom.
1207 3525 1273 3584 u.
1309 3545 1370 3608 p
1404 3522 1546 3585 319-

1049 3705 1308 3790 CDLI.

74 3875 390 3924 Proca-ms
436 3869 588 3924 incer
624 3868 967 3940 Raphab'lem
1011 3872 1261 3940 Her-cus·
1308 3867 1372 3920 de
1416 3865 1668 3921 Sze'kcsd
1702 3883 1756 3922 eo
1794 3872 2167 3923 Laurentium
2213 3873 2276 3925 de

269 3961 609 4020 Hae'dmvdm
648 3964 1001 4024 Palatinum.
1072 3964 1356 4022 A.1437.

276 4101 676 4186 processus
734 4099 826 4176 ad
879 4097 1384 4203 recipiendam
1460 4100 1824 4173 rationem
1892 4095 2272 4171 Contradi-

74 4208 358 4285 :tionis
407 4236 545 4312 per
585 4206 1007 4285 Reverend.
1043 4209 1117 4286 P.
1165 4203 1618 4312 Raphaelem
1665 4206 2107 4309 Herczeg
2161 4202 2274 4279 de
2326 4323 2347 4334 ..
