2926 4849
652 455 805 545 104

541 680 1058 768 occupataque
1110 639 1532 750 vterentur.
1587 661 1683 738 de
1726 661 2154 767 praesenti,
2209 662 2546 765 potentia
2577 687 2747 735 mc-

542 771 837 865 diante,
889 770 969 846 in
1032 768 1565 872 praeiudicium
1620 767 1957 844 eiusdem
2012 785 2429 846 conuentus
2467 770 2751 845 Cruci·

541 879 925 968 ferorum,
980 892 1060 951 et
1099 874 1452 952 damnum
1475 874 1706 954 valde
1750 903 2121 979 magnum.
2213 877 2490 950 Datum
2528 904 2752 978 quar-

480 993 485 1000 ’
532 999 629 1080 rto
677 973 801 1059 die
850 981 1003 1058 diei
1040 982 1560 1086 inquisitionis
1592 1002 1762 1058 ante
1806 983 2071 1059 dictae.
2163 983 2393 1059 Anno
2449 985 2756 1058 Domini

545 1090 947 1188 Millesimo
992 1090 1724 1198 quadringentesimo
1771 1091 2154 1194 tiigesimo
2191 1091 2537 1195 quintof‘

630 1223 722 1281 Ex
737 1215 1031 1302 originali
1058 1216 1443 1279 membrana.
2521 1219 2524 1222 ’

1412 1360 1536 1436 CC
1540 1363 1877 1440 CXXVI

556 1507 879 1583 Capitulum
913 1506 1182 1562 Albensia
1213 1510 1392 1562 eodem
1423 1510 1488 1561 in
1527 1513 1717 1564 metito
1751 1510 2088 1566 relatoricu.⁴
2123 1511 2193 1565 A.
2236 1510 2398 1582 1435.

748 1628 1240 1705 Serenissimo
1296 1629 1627 1733 Principi
1693 1621 2014 1705 Domino
2075 1628 2561 1734 Sigismundo
2623 1632 2760 1706 Dei

606 1738 789 1813 ratia
832 1735 1351 1811 Romanorum
1393 1737 1878 1839 Impetatori,
1934 1763 2230 1839 semper
2280 1740 2636 1860 Augusto
2678 1765 2763 1813 ac

554 1770 1030 1971 ῗὶιιιιςειίαιι,
1085 1841 1531 1937 Bobemiae,
1596 1841 1830 1918 Dalm.
1865 1844 2107 1918 Cr.oat
2147 1862 2288 1920 etc.
2338 1847 2524 1945 regi,
2595 1848 2760 1919 Do-

557 1955 765 2028 mino
810 1951 1141 2052 ipsorum
1177 1952 1517 2049 gratioso.
1597 1948 2018 2054 Capitulum
2059 1951 2436 2026 Ecclesiae
2466 1952 2768 2039 Alben-

566 2065 663 2134 sis
724 2061 1103 2132 olationes
1165 2060 1238 2130 in
1309 2055 1681 2136 Domino,
1683 2073 2081 2159 perpetua
2137 2083 2314 2132 cum
2377 2055 2769 2134 fidelitate.

562 2167 837 2240 Vestra
878 2163 1180 2238 nouerit
1213 2161 1631 2257 Serenitas,
1687 2164 1893 2266 quod
1935 2190 2110 2237 cum
2146 2190 2283 2238 nos
2323 2168 2648 2268 receptis
2689 2168 2770 2239 li-

561 2272 741 2349 teris
779 2269 1040 2346 vestris
1082 2269 1522 2344 annualibus
1562 2289 1701 2372 pro
1732 2270 2131 2345 Conuentu
2169 2251 2542 2346 Ecclesiae
2575 2275 2770 2347 Cru-

564 2378 848 2458 cnferoi
854 2403 980 2453 um
1023 2374 1119 2452 de
1158 2376 1350 2451 Alba
1392 2402 1531 2481 per
1568 2375 1877 2453 eandem
1896 2375 2391 2455 serenitatem
2417 2378 2774 2456 Vestram

566 2486 814 2565 eidem
892 2483 1082 2560 datis
1170 2504 1246 2560 et
1307 2485 1680 2561 concessis
1712 2542 1740 2579 ,
1822 2484 2198 2610 nobisque
2255 2493 2774 2589 Ριειεεαρωτίο

564 2590 912 2683 directis,
966 2592 1171 2666 iuxta
1192 2582 1633 2665 earumdem
1674 2595 2203 2669 continentiam
2237 2620 2380 2669 vna
2421 2620 2594 2669 cum
2626 2596 2776 2669 Do-

564 2699 852 2775 minico
889 2692 988 2771 de
1027 2694 1374 2773 Endrecd
1417 2697 1713 2772 homine
1755 2697 2080 2795 Vestro,
2131 2701 2210 2774 in
2264 2699 2548 2776 eisdem
2606 2700 2772 2776 lite·

569 2809 672 2882 ris
703 2798 971 2880 ves‘tris
1010 2804 1446 2880 annualibus
1483 2805 1676 2880 inter
1711 2805 1857 2882 alio
1897 2806 2229 2883 homines
2275 2826 2563 2886 vestros
2598 2835 2778 2886 con·

572 2914 937 3017 scriptos,
993 2912 1429 2987 nominatim
1496 2937 1683 3017 exp1
1686 2939 1895 3009 esso
1950 2932 2314 3000 nostrum
2345 2914 2777 3007 hominem,

578 3018 963 3096 videlicet
984 3017 1435 3122 Magistrum
1504 2969 1995 3125 Gregorium,
2049 3023 2336 3099 socium
2394 3040 2503 3099 et
2511 3050 2780 3100 conca·

581 3128 939 3203 nonicum
997 3143 1383 3221 nostrum,
1437 3125 1529 3199 ad
1586 3128 1776 3203 infra
1810 3129 2157 3233 scriptam
2215 3130 2776 3233 inquisitionem

504 3272 507 3273 f
580 3229 1051 3324 faciendam,
1121 3251 1383 3308 nostro
1446 3259 1590 3336 pro
1648 3236 2070 3310 testimonio
2135 3238 2778 3315 transmisissemus

583 3338 732 3416 fide
772 3335 1105 3440 dignum.
1180 3339 1330 3429 Qui
1367 3337 1670 3416 demum
1719 3341 1893 3418 inde
1932 3339 2026 3416 ad
2063 3370 2200 3421 nos
2252 3347 2598 3467 reuersi,
2633 3371 2778 3418 no-

575 3444 709 3524 bis
751 3471 1078 3522 consona
1135 3471 1327 3522 voce
1369 3444 1832 3538 retulerunt,
1888 3449 2093 3552 quod
2135 3452 2279 3555 ipsi
2327 3451 2516 3527 seria
2567 3449 2780 3528 tertia

578 3556 927 3677 proxima
975 3570 1146 3663 post
1191 3549 1463 3654 festum
1516 3555 1976 3633 visitationis.
1993 3558 2258 3635 Beatae
2292 3556 2580 3634 Mariae
2617 3559 2780 3634 Vir·

581 3662 772 3763 ginis
830 3659 1175 3761 proxime
1229 3665 1760 3761 piaeteritum,
1845 3664 1922 3738 in
1996 3665 2365 3742 comitatu
2405 3665 2783 3755 Tolnensi

581 3766 798 3842 simul
843 3766 1375 3871 pnocedendo,
1435 3767 1529 3842 ab
1572 3768 1958 3894 omnibus,
2013 3770 2388 3848 nobilibus
2430 3774 2784 3850 videlicet

582 3892 661 3949 et
717 3872 1227 3973 ignobilibus,
1281 3900 1367 3948 ac
1421 3872 1720 3950 alterius
1762 3880 2083 3969 cuiusuis
2132 3896 2360 3955 status
2401 3898 2475 3955 et
2524 3878 2781 3956 condi·

584 3981 810 4056 tionis
850 3980 1036 4056 dicti
1081 3981 1495 4058 Comitatus
1540 3982 2010 4078 hominibus,
2065 3987 2304 4111 palam
2355 4004 2433 4061 et
2484 3989 2780 4066 occulte

580 4086 1075 4191 inquuen'do,
1136 4085 1358 4164 talem
1407 4088 1502 4164 de
1543 4089 2034 4213 infrascriptis
2092 4095 2479 4173 sciuissent
2521 4099 2780 4173 verita-

580 4210 774 4272 tem:
830 4193 1041 4300 quod
1088 4192 1506 4302 Magnifici
1506 4198 1642 4274 viri
1698 4197 2077 4280 Emericus
2114 4218 2191 4327 et
2225 4199 2650 4293 soh-nna,
2704 4199 2776 4278 fi-
