2926 4849
2265 523 2312 592 9

224 723 509 835 pandas
580 726 919 835 Scepusii
997 728 1255 827 siluas,
1334 729 1675 809 Flandris
1747 729 1840 807 ad
1892 725 2416 837 impopulanda

231 833 789 915 Transiluaniae
840 839 1168 937 deserta,
1226 865 1737 940 coronamque
1789 837 2416 931 conseruandam‚

236 946 577 1025 Andreas
619 944 755 1038 11.;
811 948 1220 1049 omnigenis
1262 948 1680 1025 nationibus
1729 947 1820 1021 ad
1869 943 2418 1022 restaurandam

231 1054 691 1156 Hungariam
714 1056 894 1129 Bela
927 1056 1047 1129 IV.
1080 1070 1312 1131 terras
1334 1083 1420 1130 ac
1442 1054 1841 1131 descensus
1874 1050 2416 1130 condonarunt:

232 1158 467 1234 Vide:
524 1163 872 1245 Assertor
906 1160 1301 1253 Libertatis
1334 1161 1678 1239 Andreas
1707 1160 1797 1236 11.
1854 1178 1997 1238 etc.

435 1302 545 1405 4.)
590 1302 982 1379 Ecclesiis:
1036 1307 1262 1409 „lpse
1297 1308 1480 1382 vero
1522 1304 1938 1410 Stephanus
1972 1306 2136 1378 Rex
2175 1300 2422 1377 Eisco·

237 1413 366 1515 pia
405 1437 650 1515 nuper
680 1413 1019 1516 incepta,
1079 1430 1225 1486 tam
1286 1412 1630 1490 videlicet
1687 1410 2422 1516 Archiepiscopalem

237 1518 869 1622 strigoniensem,
947 1545 1170 1622 quam
1223 1544 1482 1597 omnes
1551 1518 2011 1626 episcopales
2072 1514 2423 1593 ecclesias

246 1663 352 1681 --
407 1624 618 1699 simul
672 1643 747 1700 et
809 1624 1162 1700 Abbatias
1217 1628 1539 1731 prediis,
1613 1626 1879 1719 curiis,
1927 1625 2294 1719 ‘familiis3-
2346 1639 2423 1698 et

144 1730 155 1736 ’
239 1727 659 1808 redditibus
702 1732 1050 1834 regaliter
1094 1732 1530 1838 disposuit.“
1581 1733 1892 1810 Hartvic
1930 1733 2109 1836 Cap.
2149 1735 2237 1807 ΙΙ.
2278 1730 2422 1805 Or·

244 1839 551 1916 dinibus
623 1840 982 1941 religiosis
1032 1870 1051 1919 :
1150 1841 1764 1939 cisterciensibus
1837 1838 1915 1915 S.
2005 1837 2427 1929 Ladislaus‚

247 1945 1094 2024 Praemonstratensibus
1191 1946 1616 2050 Stephanus
1698 1945 1797 2022 11.
1892 1945 2429 2049 Praeposituris

245 2053 435 2130 Bela
490 2051 582 2127 II.
632 2055 759 2128 111.
817 2073 895 2129 et
953 2055 1081 2130 IV.
1140 2055 1536 2131 cruciferis
1595 2053 2060 2159 Euphrosina
2112 2052 2370 2155 regina
2398 2104 2424 2141 ,

253 2178 341 2235 et
395 2159 712 2235 Andreas
747 2158 951 2236 II·us
986 2177 1216 2238 terras
1247 2163 1690 2267 amplissime
1746 2160 2283 2268 dispensarunt·

451 2303 637 2378 Hinc
670 2304 958 2381 incolae
992 2307 1201 2409 regni
1234 2307 1659 2412 Hungariae
1695 2307 1870 2383 facti
1915 2306 2084 2397 sunt
2147 2298 2426 2382 'diuersi

243 2427 517 2506 status,
570 2408 1051 2504 conditionis,
1086 2414 1472 2520 fortunae,
1526 2434 1602 2498 et
1638 2414 2046 2520 idiomatis:
2104 2410 2220 2494 Cf.
2269 2410 2425 2492 De-

130 2609 138 2616 „
240 2535 437 2596 cret-
484 2517 541 2596 1.
591 2519 678 2597 S.
731 2518 1105 2627 Stephani.
1136 2521 1295 2632 cap‘.
1355 2525 1426 2601 6.
1707 2519 1720 2530 ⁶
1925 2521 1934 2528 ’

772 2765 781 2790 ·
910 2733 988 2833 1)
1043 2731 1465 2815 Nobiles
1533 2737 1773 2816 veri.

445 2896 517 2996 a)
570 2895 991 2975 Nobiles
1031 2902 1572 2998 naturales,
1626 2900 1925 2978 fuerant
1957 2897 2432 3004 Hetumoge-

245 3004 315 3081 ri
351 3030 488 3082 seu
521 3023 809 3114 septem
846 3005 1252 3109 capitanei,
1309 3027 1382 3085 et
1420 3021 1721 3112 centum
1757 3026 1834 3084 et
1885 3007 2058 3084 o'cto
2098 3003 2433 3082 tribuum

247 3113 331 3186 in
380 3113 831 3217 Hungariam
884 3113 1461 3216 immigrantium
1511 3117 2065 3222 generationes„
2118 3110 2434 3210 horum-

257 3245 403 3321 que
443 3224 767 3324 posteri3
820 3219 993 3298 ideo
1033 3223 1102 3297 N
1121 3250 1368 3299 emes
1395 3281 1416 3319 ‚
1474 3250 1608 3299 seu
1654 3224 1747 3297 de
1807 3221 2162 3327 progenie
2206 3216 2428 3296 dicti:

246 3327 577 3401 Fuerant
611 3330 897 3432 quippe
925 3326 1253 3435 Hungari
1277 3387 1299 3425 ‚
1331 3349 1409 3407 vt
1444 3333 1601 3406 Leo
1642 3329 1952 3432 Sapiens
1994 3324 2220 3430 (apud
2250 3323 2434 3403 Kol-

246 3433 359 3507 lar
394 3433 768 3510 Amoenit.
828 3461 902 3536 p.
963 3441 1112 3527 25.)
1149 3453 1491 3532 testatur,
1543 3440 1846 3541 ingenui
1899 3464 1985 3511 ac
2024 3459 2318 3534 semper
2351 3432 2435 3506 li·

243 3540 440 3615 beri.
497 3541 595 3615 Hi
631 3545 943 3644 aquisito
978 3569 1214 3646 regno
1258 3544 1642 3645 insigniter
1682 3545 1929 3620 meriti
1969 3567 2105 3646 per
2147 3537 2435 3630 Ἑξοκην

251 3647 439 3722 dicti
464 3667 627 3723 sunt
660 3647 998 3726 Nobiles:
1036 3652 1222 3740 „Isti
1260 3653 1459 3725 enim
1496 3670 1782 3754 septem
1801 3646 2243 3756 principales
2273 3673 2440 3748 per-

247 3782 478 3830 sonae
512 3774 721 3832 erant
761 3758 900 3830 viri
934 3756 979 3829 n
1007 3753 1166 3831 obi
1190 3757 1211 3830 l
1237 3785 1330 3832 es
1380 3786 1486 3862 ge
1513 3761 1814 3834 nere.“
1873 3753 2092 3832 Belae
2133 3757 2223 3830 R.
2261 3755 2437 3831 Not.

204 3856 217 3870 ’
250 3890 422 3966 cap.
477 3862 570 3937 V.
638 3862 973 3966 „Arpad‘
1008 3891 1189 3942 vero
1244 3882 1320 3940 et
1374 3867 1575 3940 sui'n
1599 3865 1960 3958 ubiles,
2016 3862 2306 3964 egressi
2344 3860 2439 3936 de

251 3987 495 4046 castro
538 3969 882 4081 Hungh.“
929 3968 1167 4046 -Idem
1230 3998 1389 4077 cap.
1460 3972 1696 4048 XVII.
1774 3969 2080 4074 „Arpad
2128 3984 2439 4072 accepto

251 4102 565 4153 suorum
600 4080 912 4156 consilio
938 4078 1009 4153 N
1033 4105 1080 4155 o
1100 4077 1356 4167 bilin
1373 4108 1476 4175 m,
1500 4077 1776 4184 legatos
1796 4082 1991 4157 misit
2009 4078 2087 4156 in
2118 4094 2441 4157 castrum

250 4181 566 4262 mbos«
621 4183 809 4263 Ibid.
869 4188 1044 4293 cap.
1103 4188 1309 4267 xlx.
