2926 4849
609 475 852 588 svs
919 573 924 586 ,

589 711 774 787 itulo
805 708 1337 816 vesprimiensi
1366 703 1718 787 statutam
1738 765 1761 807 ,
1795 705 1891 785 ab
1930 707 2088 813 alys
2122 700 2456 786 eiusdem
2490 707 2723 815 parti·

533 737 678 893 Eua
713 817 959 912 taliter
999 818 1618 920 aequem-aiant:
1644 841 1649 848 ·
1678 814 1772 893 Et
1807 819 2050 923 primo
2103 818 2182 891 in
2236 811 2471 891 latere
2513 820 2720 893 eius-

536 923 710 999 dem
743 919 1043 1029 virgulti
1076 925 1154 998 in
1183 922 1505 1027 quadam
1529 925 1647 999 via
1677 922 1990 1000 herbosa
2016 923 2111 999 ad
2139 922 2534 1028 quemdam
2563 921 2718 999 du·-

531 1055 739 1108 mum
766 1028 1240 1108 Thurbokert
1269 1028 1642 1123 vocatum,
1682 1049 1955 1108 metam
1972 1049 2308 1106 terream
2330 1056 2717 1137 aggregas·

532 1154 730 1233 sent3
759 1139 934 1214 inde
963 1159 1217 1213 versus
1252 1135 1542 1240 plagam
1580 1138 2142 1215 meridionalem
2179 1136 2550 1216 in.eadem
2591 1141 2714 1214 via

531 1247 939 1349 graminosa
1003 1239 1383 1345 pergendo
1455 1239 1729 1320 metam
1782 1263 2099 1322 terream
2165 1243 2711 1340 cumulassent,

533 1351 630 1427 ab
663 1348 800 1426 hac
836 1349 1100 1427 eadem
1132 1351 1343 1454 plaga
1388 1368 1677 1426 seruata
1701 1407 1724 1445 ,
1780 1355 1896 1427 via
1929 1352 2004 1427 in
2046 1350 2306 1425 eadem
2360 1347 2717 1455 gradien-

438 1541 446 1547 ss
533 1457 635 1534 do
671 1459 1189 1560 peruenissent
1242 1454 1336 1532 ad
1367 1457 1782 1556 'quamdam
1835 1461 2173 1546 vineam,
2226 1457 2433 1533 iuxta
2487 1483 2717 1560 quam
2836 1477 2851 1490 '

529 1566 628 1640 in·
655 1564 874 1640 *exitu
933 1564 1261 1640 eiusdem
1324 1562 1620 1661 sylus-12²,
1701 1564 1796 1640 ad
1852 1565 2124 1658 rubum
2177 1563 2714 1641 Ketiresbokor

529 1674 1031 1765 nominatum,
1103 1687 1402 1745 metam’
1447 1686 1773 1748 terream
1846 1672 2301 1760 eleuassent,
2395 1687 2474 1746 et
2544 1696 2712 1746 me·-

527 1793 646 1853 tae
719 1780 1224 1881 praescriptae
1296 1795 1553 1872 versus
1616 1777 1905 1885 plagam
1988 1776 2429 1854 orientalem
2478 1801 2711 1879 Vsque

385 1883 404 1898 '²
527 1882 618 1960 ad
654 1884 1003 1990 quasdam
1039 1901 1273 1961 terras
1304 1882 1617 1961 arabiles
1667 1903 2092 1991 separarent
2146 1882 2485 1987 Capitulo
2541 1884 2705 1957 Ve-

433 2045 438 2051 -
521 1993 1454 2097 spriniiensi³praenotato.‘
1496 1990 1697 2069 Situs
1734 2011 1985 2069 autem
2021 2007 2095 2066 et
2128 1991 2477 2065 iacentiae
2518 1989 2707 2064 alia-

419 2190 426 2198 .
519 2125 691 2175 rum
730 2111 1093 2176 terrarum
1127 2115 1202 2175 et
1230 2098 1711 2190 foenetorum
1743 2101 1988 2176 eidem
2018 2097 2371 2201 Capitulo
2406 2098 2708 2199 Vespri-
2750 2095 2755 2101 ’

517 2207 779 2283 miensi
851 2215 1302 2281 *statutarum
1354 2203 1728 2281 habentur
1777 2211 1913 2282 isto
1959 2205 2237 2280 modo:
2314 2205 2404 2280 Et
2469 2209 2709 2309 prima

520 2323 694 2387 sex'
750 2314 1005 2414 iu‘ge‘ra
1094 2328 1466 2387 terrarum
1508 2312 1935 2393 arabilium
2041 2327 2314 2387 retro
2416 2327 2708 2387 ‘ortua

517 2420 1061 2525 praedictarum
1098 2435 1231 2495 sex
1267 2410 1647 2496 curiarum
1684 2421 1907 2525 ipsius
1944 2413 2265 2524 Capituli
2302 2416 2708 2523 Vesprimi·
2762 2452 2769 2459 „

520 2526 714 2602 ensis
752 2554 794 2600 a
843 2528 1058 2630 plaga
1108 2524 1577 2603 meridionali
1630 2553 1801 2603 cum
1845 2526 2111 2625 finibus
2167 2548 2421 2599 versus
2474 2525 2705 2601 dictas

516 2629 762 2735 plagas
798 2632 1359 2711 meridionalem
1398 2648 1475 2708 et
1510 2634 2132 2738 aquilonarem-se
2172 2631 2467 2708 extend.
2524 2634 2706 2708 item

521 2735 675 2813 duo
697 2736 1044 2817 -salcastra
1076 2736 1559 2841 foenetorum‘
1582 2742 2050 2838 Baalakutha,
2106 2738 2526 2815 nominatae
2545 2756 2704 2815 ter-

515 2868 646 2920 rae
678 2847 967 2923 arabilis
997 2846 1259 2924 decem
1292 2862 1369 2925 et
1401 2872 1677 2925 nouem
1712 2851 1967 2952 iugera
2001 2878 2044 2923 a
2083 2847 2312 2952 plagis
2349 2842 2584 2955 orfeu..
2623 2858 2705 2921 et

514 2948 885 3029 occident.
944 2953 1275 3031 eiusdem
1311 2955 2056 3051 foeneti⁸existente8,
2102 2976 2273 3031 eum
2306 2949 2573 3027 finibus
2608 2949 2700 3027 ad

511 3057 712 3135 idem
775 3057 1162 3138 soenemm
1228 3086 1308 3139 se
1375 3062 1997 3139 extendentibus·
2037 3064 2226 3138 Item
2287 3061 2365 3142 in
2434 3056 2705 3135 eodem

509 3161 686 3244 loco
717 3167 1160 3243 Baalakutha
1181 3220 1204 3258 ,
1241 3167 1425 3244 aliae
1461 3186 1709 3247 terrae
1747 3169 2043 3248 arabilis
2085 3167 2327 3244 cultae
2363 3184 2437 3243 et
2471 3166 2703 3240 incul-

513 3286 651 3347 tae·
676 3273 939 3351 decem
986 3289 1076 3355 et,
1117 3292 1403 3380 septem
1447 3277 1677 3379 inger.
1733 3300 1909 3351 cum
1973 3275 2242 3353 finibus
2296 3272 2389 3348 ad
2444 3272 2697 3376 plagas

511 3374 1019 3483 aquilonarem
1070 3399 1146 3458 et
1200 3382 1763 3459 meridionalem
1814 3410 1921 3458 se·
1944 3381 2447 3485 extendentes.
2502 3379 2697 3455 Item*

511 3486 589 3561 in
626 3485 796 3565 loeo
862 3486 1458 3593 Farkasl‘jkallya
1500 3491 1881 3567 nominato
1940 3498 2182 3568 terrae
2226 3486 2522 3562 arabilis
2583 3510 2698 3561 se-
2720 3576 2739 3587 ,

508 3606 720 3697 ptem
749 3596 1067 3698 iugera,·
1094 3595 1295 3673 inter
1332 3595 1699 3699 quaedam
1733 3598 2014 3703 spineta
2052 3597 2234 3672 sitae
2256 3649 2279 3691 ,
2333 3618 2506 3668 cum
2543 3612 2697 3669 vno

506 3697 657 3777 fine
694 3705 1282 3806 versus-plagam
1317 3704 1832 3808 aquilonarem
1853 3759 1875 3799 ‚
1929 3706 2022 3781 ad
2053 3703 2345 3778 vineam
2381 3696 2696 3804 praefati

504 3806 847 3910 Georgii,
889 3808 1037 3886 <filii
1074 3808 1412 3904 Ioannis,
1474 3809 1603 3884 filii
1634 3809 2068 3904 Clementia,
2125 3835 2297 3888 cum
2335 3809 2572 3884 altero
2609 3804 2696 3880 fi-

449 3912 456 3917 ’
503 3937 604 3989 ne
664 3940 917 3992 versus
1036 3918 1271 4022 lagam
1325 3918 1606 3994 scilieet
1673 3918 2275 4011 meridionalem,
2351 3914 2445 3990 ad
2501 3915 2699 3989 viam

505 4046 762 4096 versus
790 4023 951 4099 Azo
1100 4081 1120 4121 ,
1175 4024 1645 4118 tendentem,
1702 4030 2007 4101 existen.
2065 4023 2255 4101 Item
2311 4019 2495 4117 aliae
2548 4039 2703 4097 ter·

503 4150 642 4204 rae·
671 4128 986 4205 arabiles
1028 4145 1205 4209 octo
1241 4132 1670 4236 inger-orum
1704 4155 1875 4206 cum
1916 4144 2068 4207 'vno
2092 4129 2279 4225 fine)
2296 4128 2390 4204 ad
2428 4126 2704 4204 dictam

500 4235 796 4341 plagam
831 4239 1339 4342 aquilonarem
1364 4296 1386 4335 ‚
1415 4239 1532 4313 -ad
1566 4238 1851 4342 syluam
1888 4237 2390 4331 matheten,
2445 4232 2701 4340 appel-

1686 4552 1720 4597 Ι
