2926 4849
696 467 852 544 498

583 664 1261 765 dorumvirorum,
1296 668 1590 746 Cinium
1628 684 1706 744 et
1743 667 2121 776 hospitum
2159 672 2490 753 Ciuitatis
2533 695 2784 757 vestre

578 782 877 859 Barthfa
906 796 1166 860 vocate
1188 832 1211 871 ,
1268 775 1643 854 confectas
1685 774 1974 855 honore
2007 796 2084 854 et
2120 785 2561 876 reuerentia,
2611 788 2779 891 qui·

579 888 717 966 bus
748 889 1041 980 decuit,
1096 885 1522 987 recepimus
1556 886 1633 957 in
1695 882 1834 959 hec
1884 881 2156 962 verba:
2215 886 2778 994 sigismun-

540 988 755 1072 ‘du's'
788 995 897 1094 (vt
934 1019 1157 1097 supra
1213 1011 1411 1068 anno
1450 986 1654 1091 hoc.)
1710 988 1869 1065 Nos
1929 993 2161 1098 igitur
2207 995 2478 1072 Vestre
2522 997 2776 1075 subli-

575 1105 846 1178 mitatis
892 1099 1525 1204 obtemperantes,
1569 1116 1646 1172 vt
1682 1117 2052 1191 tenemur,
2080 1102 2496 1195 mandatis,
2534 1132 2775 1184 vnum

572 1203 925 1286 ex'nobis
975 1207 1324 1283 videlicet
1362 1203 1670 1281 fratrem
1713 1207 2201 1307 Dyomsium,
2235 1208 2773 1309 presbiterum,

565 1317 661 1392 ad
711 1313 1242 1392 exhibitionem
1281 1307 1777 1418 pretectarum
1817 1312 2125 1390 aliarum
2174 1316 2558 1394 literarum
2600 1321 2773 1398 Ve—

565 1417 719 1511 stre
744 1420 1207 1500 Celsitudinis
1229 1419 1867 1524 preceptoriarum
1889 1418 2299 1497 faciendam
2334 1441 2597 1503 nostro
2615 1455 2770 1532 pro

563 1531 983 1624 testimonio
1041 1530 1566 1603 transmisimus
1625 1523 1770 1599 fide
1834 1524 2181 1627 dignum,
2256 1532 2389 1633 qui
2456 1534 2769 1614 taudem

561 1638 832 1713 exinde
871 1636 961 1711 ad
997 1661 1136 1711 nos
1175 1630 1470 1709 rediens
1507 1631 1723 1708 nobis
1757 1634 2008 1729 retulit
2045 1636 2186 1710 isto
2222 1637 2490 1713 modo:
2546 1643 2767 1745 quod

556 1742 716 1848 ipse
760 1747 836 1819 in
881 1744 1067 1819 feria
1104 1741 1334 1816 tercia
1375 1741 1710 1844 proxima
1768 1757 1937 1844 post
1993 1740 2446 1849 dominicam
2494 1750 2766 1826 Ramis

549 1850 1012 1945 Palmarum,
1079 1850 1423 1954 proxime
1480 1848 1957 1951 preteritam,
2011 1875 2151 1951 per
2204 1849 2762 1934 adduccionem

554 1951 938 2034 hominum
972 1971 1046 2033 et
1089 1951 1667 2059 procuratorum
1703 1953 2076 2031 dictorum
2128 1956 2422 2033 Cinium
2461 1975 2542 2036 et
2595 1959 2759 2038 ho-

547 2068 820 2169 spitum
859 2064 956 2142 de
997 2061 1336 2152 Barthfa,
1398 2059 1489 2135 ad
1553 2058 1797 2136 villam
1858 2062 2288 2140 Kerezthur
2338 2092 2753 2173 nuncupa-

544 2190 699 2247 tam
734 2172 1191 2262 accessisset,
1248 2166 1378 2241 vbi
1411 2175 1854 2272 prenarrato
1892 2169 2204 2274 Egregie
2242 2171 2624 2269 Ladislao‚
2663 2175 2761 2253 fi·

543 2279 649 2355 lio
719 2271 1231 2356 Michaelis‘de
1269 2273 1548 2367 Gezth,
1628 2275 2122 2378 personaliter
2183 2295 2536 2384 reperto,
2593 2283 2758 2362 iam

543 2386 775 2463 dictas
812 2385 984 2461 alias
1024 2383 1311 2460 Literas
1340 2398 1584 2458 vestre
1618 2380 2027 2458 clemencie
2069 2392 2580 2490 preceptorias
2616 2417 2759 2467 ex-

541 2492 942 2586 hibuisset,
1014 2508 1090 2565 et
1143 2506 1669 2593 presentasset3
1748 2488 1883 2592 qui
1938 2488 2246 2590 quidem
2314 2492 2751 2590 Ladislaus,

538 2597 731 2675 filius
783 2596 1205 2688 MichaeliS,
1265 2592 1718 2670 Castellanus
1751 2594 2168 2672 honorifice
2218 2604 2541 2707 receptis
2584 2606 2757 2683 eis·-

543 2701 714 2782 dem
751 2703 1031 2811 literis,
1086 2700 1350 2778 Vestre
1409 2703 1815 2777 Maiestatis
1867 2710 2408 2809 preceptoriis,
2463 2726 2541 2785 et
2600 2736 2748 2787 ea-

535 2841 729 2902 rum,
764 2812 1246 2888 continenciis
1289 2808 1679 2914 perlectis,
1755 2807 1851 2885 'et
1908 2834 2082 2887 sane
2132 2813 2527 2893 intellectis
2560 2872 2582 2913 ,
2635 2818 2751 2898 ad

535 2936 893 3019 contenta
927 2920 1255 3023 ipsarum
1295 2915 1543 3001 taliter
1598 2913 2139 3020 respondisset,
2214 2939 2291 2997 vt:
2347 2925 2510 3028 ipse
2557 2951 2749 3005 me-

490 3026 911 3106 ‘diantibus
967 3027 1189 3102 certis
1228 3024 1377 3100 suis
1430 3023 2172 3103 litteris'mandando
2233 3033 2748 3112 committeret

537 3134 943 3215 tributariis
999 3151 1076 3209 et:
1128 3129 1564 3207 officialibus
1615 3131 1809 3226 suis,
1869 3132 2077 3231 quod
2133 3135 2209 3207 in
2267 3132 2461 3213 festo
2519 3139 2745 3217 Beati

406 3296 417 3317 t
536 3241 847 3346 Georgii
892 3240 1240 3340 Martyris
1275 3255 1454 3314 tunc
1490 3238 1831 3341 proxime
1867 3259 2230 3334 ventum,
2263 3243 2341 3317 in
2379 3243 2741 3350 predicto

532 3347 818 3457 oppido
856 3345 1332 3438 Debreczen,
1388 3371 1644 3420 coram
1688 3343 1997 3470 Judice,
2051 3348 2479 3456 Juratisque
2521 3351 2738 3431 ciui-

532 3459 674 3536 bus
698 3471 809 3531 ex
845 3470 1055 3556 parte
1100 3449 1453 3528 Anthonii
1502 3450 1872 3528 tributarii
1929 3456 2043 3529 sui
2090 3453 2383 3534 Jacobo
2442 3457 2740 3539 Sochel

536 3567 704 3657 Ciui
746 3581 820 3640 et
853 3557 1378 3637 mercatoride
1421 3558 1620 3632 dicta
1651 3557 1955 3634 Barthfa
2009 3558 2103 3636 de
2165 3564 2427 3667 pannis
2468 3583 2549 3643 et
2597 3596 2743 3671 pe-

531 3672 769 3752 cuniis
801 3670 947 3746 suis
984 3690 1121 3771 per
1153 3663 1467 3740 eundem
1508 3665 1963 3741 Anthonium
1998 3667 2257 3744 ablatis
2295 3688 2371 3747 et
2394 3678 2741 3776 receptis

526 3776 827 3886 plenam
873 3792 952 3851 et
989 3771 1488 3849 omnimodam
1524 3771 2102 3850 satisfaccionem
2152 3779 2739 3881 impenderent,

529 3886 604 3965 ei
634 3880 967 3989 impendi
999 3880 1378 3971 facerent,
1435 3882 1598 3985 ipso
1638 3878 1967 3984 denique
2001 3878 2194 3959 sesto
2238 3886 2436 3960 beati
2481 3889 2744 3965 Geor-

528 3995 624 4097 gii
659 3990 1003 4092 martyris
1042 4005 1520 4070 occurrente,
1580 3987 1778 4061 idem
1827 4005 2154 4063 nostrum
2211 3994 2745 4074 testimonium

534 4116 613 4177 et
646 4125 819 4177 cum
857 4113 1205 4172 annotato
1244 4094 1535 4169 Jacobo
1571 4092 1884 4188 Sochel,
1936 4113 2035 4169 ac·
2079 4098 2236 4172 aliis
2293 4098 2744 4180 hominibus

530 4223 605 4285 et
650 4200 1256 4313 procuratoribus
1292 4202 1489 4279 dicte
1531 4201 1869 4279 Ciuitatis
1922 4200 2262 4303 Bartbfa,
2315 4208 2407 4283 ad
2456 4229 2736 4313 preta-
