2926 4849
669 437 837 519 ‘560
915 439 966 504 Γ

576 674 678 747 et⁴
705 651 1011 730 Domini
1057 680 1145 731 ac
1180 648 1671 728 venerabiles
1706 666 1785 728 et
1800 639 2091 757 egregii
2115 648 2472 750 &facet-e,
2531 665 2761 755 grate·

576 788 728 868 que
764 761 1038 838 dilecti.
1083 758 1490 840 Confirmat
1521 759 1885 839 continuo
1916 761 2114 835 Deus
2141 777 2392 836 noster
2426 784 2759 862 magnam

491 909 497 916 ·
573 868 1158 947 misericordiam
1198 891 1408 942 suam
1443 892 1669 972 super
1708 892 1844 941 nos
1874 869 1949 940 in
1987 866 2188 942 felici
2237 866 2758 970 prosecutione

574 1002 831 1055 rerum
895 976 1330 1071 Bohemiae,
1409 973 1657 1080 quae,⁸
1713 973 2001 1054 Christo
2054 973 2547 1073 disponente,
2634 975 2757 1073 qui

578 1099 847 1160 cuncta
875 1082 1279 1187 gubernat,
1334 1080 1414 1204 in
1470 1079 1628 1157 dies
1675 1077 2289 1186 considerabilius
2320 1080 2757 1183 diriguntur.

577 1187 943 1267 Sci-ibunt
996 1190 1200 1266 enim
1258 1187 1474 1265 nobis
1524 1187 1628 1263 illi
1687 1197 2024 1265 oratores
2088 1188 2365 1271 nostri,
2444 1212 2636 1290 quos
2686 1187 2759 1260 in

580 1299 919 1399 proxima
961 1297 1199 1374 diaeta
1245 1295 1589 1398 pragensi
1619 1289 2047 1387 babuimus,
2085 1291 2473 1393 quomodo
2510 1318 2763 1368 omnes

578 1401 893 1480 Bobemi
931 1404 1006 1475 in
1053 1428 1271 1478 vnam
1311 1403 1791 1488 sententiam,
1876 1427 2250 1502 vnamque
2306 1399 2763 1480 voluntatem

581 1509 806 1587 meti
840 1527 1012 1585 sunt
1043 1510 1121 1583 in
1161 1511 1471 1586 materia
1509 1508 1993 1588 articulorum
2033 1506 2228 1584 fidei.
2265 1507 2362 1583 Et
2400 1506 2611 1612 quod
2651 1532 2766 1582 su-

561 1643 723 1723 ·per
761 1615 1068 1719 reliquis
1109 1616 1204 1691 ad
1243 1641 1379 1690 vos
1424 1641 1679 1693 versus
1716 1617 2198 1721 Ratisponam
2243 1616 2538 1690 missuri
2599 1631 2766 1689 sunt

583 1728 664 1802 in
700 1721 891 1800 festo
925 1724 1479 1826 Assumptionis
1512 1723 1834 1825 Virginis
1869 1723 2252 1824 gloriosae.
2306 1725 2648 1813 Quarum
2687 1721 2766 1794 li·

583 1850 911 1907 terarum
945 1835 1197 1931 copias
1236 1828 1331 1905 de
1384 1828 1786 1916 Bohemico
1830 1831 1908 1905 in
1972 1831 2277 1906 latinum
2334 1828 2717 1905 translatas
2745 1883 2766 1922 ,

582 1939 673 2012 V.
729 1939 807 2016 Ρ.
851 1938 1208 2014 mittimus
1242 1938 1749 2042 praesentibus
1780 1938 2230 2012 interclusas.
2290 1937 2581 2026 Verum
2618 1938 2767 2011 Re-

582 2044 1096 2122 uerendissimi
1135 2045 1423 2136 Patres,
1480 2047 1652 2147 quia
1683 2045 1820 2148 ipsi
1861 2042 2176 2120 Bohemi
2220 2044 2538 2119 multum
2597 2042 2767 2118 affe-

585 2168 790 2229 ctare
872 2151 1221 2227 videntur
1307 2153 1387 2224 in
1458 2148 1878 2232 huiusmodi
1979 2152 2175 2227 dieta
2252 2149 2769 2255 Ratisponensi

586 2261 1076 2362 praesentiam
1101 2256 1547 2344 venerabilis
1583 2261 2140 2334 constantiensis
2174 2259 2531 2361 Episcopi
2555 2261 2770 2331 etiam

586 2365 977 2443 Auditoris
1010 2384 1085 2442 et
1118 2365 1451 2470 Magistri
1494 2364 1832 2458 Martini,
1890 2367 2368 2456 etaliorum,
2429 2363 2564 2465 qui
2616 2382 2771 2440 tra-

587 2474 903 2550 ctatibus
933 2478 1267 2577 ipsorum
1311 2473 1516 2576 prius
1551 2474 2072 2567 interfuerunt,
2111 2499 2251 2550 nos
2281 2473 2620 2576 opinioni
2658 2497 2771 2546 eo-

589 2607 758 2656 rnm
790 2599 868 2659 et
911 2580 1296 2655 desideriis
1351 2599 1926 2671 concurrentes,
2002 2579 2183 2656 illud
2230 2579 2506 2655 nedum
2560 2580 2769 2656 vtile,

589 2690 853 2769 verum
886 2686 1107 2763 etiam
1131 2713 1272 2788 pro
1298 2682 1489 2761 bona
1519 2687 1995 2764 conclusione
2028 2704 2103 2764 et
2123 2684 2401 2763 salubri
2432 2711 2773 2762 consum-

589 2796 917 2870 matione
954 2798 1260 2867 omnino
1290 2795 1782 2875 necessarium
1822 2795 2270 2873 arbitrantes
2294 2852 2316 2887 ,
2380 2806 2508 2869 vos'
2551 2812 2775 2870 atten·

589 2902 868 2978 tissime
908 2897 1423 2992 adhortamur,
1482 2919 1848 3003 quatenus
1895 2905 1968 2975 P.
2000 2902 2091 2975 V.
2124 2901 2353 2977 velint
2386 2900 2568 2975 dare
2606 2924 2775 3004 ope·

590 3035 750 3085 ram
774 3063 796 3105 ,
852 3025 927 3084 vt
972 3007 1285 3112 praefati
1323 3007 1575 3084 Patres
1617 3027 1693 3085 et
1731 3008 2065 3111 Magistri
2103 3010 2180 3082 in
2213 3006 2635 3084 huiusmodi
2677 3004 2777 3079 di·

592 3134 715 3192 eta
750 3117 1057 3190 omnino
1100 3116 1459 3191 intersint.
1520 3116 1608 3191 Et
1647 3114 1828 3192 sind
1864 3142 2027 3191 eam
2081 3116 2312 3219 aliqui
2349 3115 2477 3189 alii
2518 3140 2778 3216 super·

597 3220 919 3300 addendi
981 3221 1298 3313 fuerint,
1374 3222 1552 3296 illud
1610 3221 2028 3298 extollimus
2084 3239 2308 3325 atque
2358 3219 2778 3309 laudamus,

595 3343 685 3402 vt
745 3346 822 3405 et
882 3325 1264 3404 'desideriis
1315 3329 1647 3432 ipsorum
1715 3326 2216 3405 Bobemomm
2269 3320 2609 3421 satisfiat,
2708 3340 2780 3399 et

593 3435 736 3539 ipsi
793 3434 1044 3511 Patres
1088 3435 1352 3529 nobis,
1409 3452 1483 3512 et
1521 3459 1654 3519 nos
1694 3437 1867 3539 ipsis
1911 3438 1986 3510 in
2027 3437 2298 3511 mutuis
2340 3431 2779 3538 peragendis

595 3545 959 3645 possimus
992 3544 1348 3628 assistere,
1389 3562 1614 3644 atquc
1642 3541 2058 3619 consulere.
2096 3543 2302 3618 Haec
2344 3548 2596 3645 itaque
2638 3544 2778 3614 Re-

593 3648 1105 3724 uerendissimi
1145 3650 1416 3734 Patres,
1487 3650 1702 3723 vobis
1766 3676 1905 3752 pro
1963 3650 2468 3725 consolatione
2526 3646 2778 3722 statui-

589 3782 753 3833 mus
786 3755 1167 3845 scrihere,
1228 3772 1305 3831 vt
1344 3757 1445 3831 nil
1488 3781 1619 3831 vos
1659 3757 1879 3831 lateat
1914 3755 2007 3832 de
2046 3753 2155 3830 bis
2182 3813 2204 3849 ‚
2262 3779 2456 3855 quae
2509 3754 2605 3828 ad
2644 3778 2780 3826 no·

594 3862 825 3937 titiam
881 3879 1209 3939 nostram
1258 3863 1334 3938 in
1404 3882 1557 3939 tam
1603 3862 1848 3940 arduis
1909 3861 2137 3939 rebus
2194 3862 2627 3937 deueniunt.
2690 3857 2777 3932 Et

602 3961 965 4077 quicquid
1015 3962 1127 4044 ¹'in
1213 3996 1561 4071 processu
1633 3971 1990 4073 temporis
2047 3967 2520 4045 habuerimus
2567 4025 2588 4058 ,
2686 3965 2775 4037 V.

597 4078 675 4152 Ρ.
753 4076 1361 4183 significabimus,
1436 4096 1832 4165 exorantes
1896 4077 2395 4160 Altissimum‚
2469 4093 2548 4152 vt
2604 4100 2781 4149 suc-

600 4182 862 4295 cedant
917 4185 1126 4280 talia,
1183 4212 1376 4290 quae
1414 4185 1508 4260 V.
1566 4187 1646 4261 Ρ.
1722 4211 1895 4261 cum
1943 4186 2298 4263 immensa
2350 4180 2772 4260 iocundita-
