2926 4849
1938 518 1946 529 ‘
1977 505 2122 576 867

78 723 149 796 in
188 721 379 793 viam
415 717 617 822 pacis
654 734 732 791 et
768 715 1082 789 iustitiae
1122 701 1682 794 direxissemus,
1736 729 1961 813 atque
2001 711 2243 803 resur-2

78 827 433 902 mauimus
458 880 478 916 ‚
517 820 948 925 saepefatus
985 819 1335 923 Magister
1374 817 1637 893 Paulus
1670 818 2016 920 Magister
2047 818 2238 919 Aga·
2334 803 2339 815 ’

78 960 338 1008 zonum
415 948 839 1005 nostrorum
898 946 1224 1004 nostram
1272 924 1888 1028 impraetermisse
1922 947 2238 1026 sequens

78 1042 529 1115 Maiestatem
556 1092 577 1130 ‚
633 1034 847 1111 nobis
878 1052 1022 1113 tam
1054 1038 1130 1109 in
1172 1029 1716 1135 expugnatione
1752 1054 1794 1103 c
1814 1031 1904 1103 ui
1927 1059 1973 1105 u
1994 1030 2238 1107 sdam

78 1149 411 1237 castri,
466 1140 1021 1247 quod-quidam
1059 1136 1324 1215 nost'er‘
1344 1133 1657 1210 infidelis
1699 1134 2072 1212 Robacz
2114 1163 2239 1212 no-

78 1255 418 1342 minatus,
455 1253 532 1324 in
561 1263 1071 1353 contemptum
1112 1263 1405 1319 nostrae
1442 1240 1873 1318 Serenitatis
1908 1242 2232 1332 tenebat,

78 1379 143 1435 et
185 1356 676 1433 conseruabat
699 1410 720 1448 ,
777 1380 999 1456 quam
1064 1354 1285 1428 etiam
1335 1352 1413 1423 in
1472 1346 1632 1421 aliis
1689 1344 1905 1421 variis
1965 1352 2238 1423 nostris

78 1464 359 1569 agendis
413 1489 609 1538 noua
656 1477 731 1536 et
783 1458 1153 1565 praeclara
1174 1504 1222 1550 ,ι
1252 1473 1475 1556 atque
1506 1482 1546 1527 a
1575 1455 1811 1528 nostri
1846 1450 2090 1529 cordis
2121 1481 2235 1527 ar-

78 1574 305 1648 chano
343 1594 723 1669 nunquam
750 1565 1155 1642 excidenda
1200 1562 1559 1663 obsequia
1596 1556 2018 1653 multifarie,
2050 1560 2237 1653 mul-

78 1681 307 1777 tisque
343 1674 584 1752 modis
623 1673 955 1750 exhibuit
988 1690 1061 1747 et
1102 1668 1488 1774 impendit.
1529 1668 1675 1740 Pro
1703 1690 2033 1768 quorum
2077 1667 2238 1769 qui-

78 1785 240 1861 dem
287 1782 611 1861 fidelium
647 1781 1457 1856 suorum-seruitiorum
1496 1790 1575 1849 et
1608 1772 1922 1846 aliorum
1973 1774 2235 1849 multi·-

78 1892 367 1997 plicium
401 1892 628 1993 ipsius
653 1886 1209 1990 obsequiorum,
1246 1907 1440 1981 quae
1475 1879 1660 1955 haec
1684 1880 2051 1981 scriptura
2081 1905 2236 1953 non

78 2016 400 2094 enarrat,
436 1996 680 2099 aliqua
722 1994 1233 2084 retributione,
1274 1987 1610 2072 volentes
1644 1985 1883 2084 ipsum
1929 1984 2236 2061 Paulum

78 2104 506 2206 Magistrum
545 2106 975 2207 Agazonum
1009 2115 1452 2185 nostrorum,
1485 2112 1831 2192 tanquam
1851 2091 2047 2166 bene
2086 2116 2235 2167 me-

78 2216 319 2294 ritum,
378 2227 590 2287 certo
631 2227 924 2284 nostrae
958 2202 1351 2280 Maiestatis
1382 2201 1585 2277 dono
1624 2199 2112 2299 praemiatiuo
2136 2197 2234 2274 ad
2278 2242 2283 2247 ·

78 2344 403 2424 praesens
434 2338 953 2405 remunerare,
1008 2330 1326 2386 castrum
1367 2322 1707 2383 nostrum
1749 2300 2230 2398 Bolondoch,

78 2444 447 2521 vocatum,
499 2427 575 2499 in
626 2423 998 2499 Comitatu
1034 2409 1567 2493 Trinchiniensi
1607 2408 1978 2503 habitum,
2021 2408 2230 2511 quod

78 2560 201 2635 per
233 2533 611 2608 defectum
667 2530 966 2606 seminis
1005 2550 1221 2600 sexus
1255 2519 1641 2598 masculini
1678 2515 2052 2620 quondam
2086 2515 2230 2593 Sti-

78 2641 297 2733 borii,
353 2634 1040 2714 iuxta‘laudabilem·
1076 2650 1152 2707 et
1203 2627 1688 2734 approbatam
1727 2624 1936 2724 regni
1987 2624 2225 2710 nostri

78 2746 672 2822 :onsuetudinem
713 2740 805 2817 ad
839 2765 1097 2817 manus
1117 2755 1399 2812 nostras
1436 2732 1671 2836 regias
1709 2727 1803 2804 de
1834 2730 1998 2806 iure
2043 2731 2223 2820 exti-

78 2853 152 2928 ;it
214 2852 647 2938 deuolutum
673 2905 694 2946 ,
751 2849 963 2923 simul
1005 2870 1177 2919 cum
1240 2840 1593 2919 omnibus
1646 2834 1976 2939 oppidis,
2034 2836 2222 2911 villis

78 2977 132 3034 {t
169 2954 871 3064 possessionibusad
919 2953 1113 3028 idem
1154 2943 1687 3052 spectantibus,
1740 2958 1815 3015 et
1848 2943 2217 3042 pertinere

78 3065 541 3163 labentibus,
593 3065 901 3166 aliisque
939 3056 1225 3135 eunctis
1256 3057 1441 3144 suis,
1496 3075 1585 3125 ac
1612 3045 2029 3122 huiusmodi
2069 3073 2218 3152 op·-

78 3170 445 3270 fidorum,
499 3176 1192 3279 possessionumque
1244 3178 1321 3237 et
1369 3155 1701 3232 villarum
1742 3151 2166 3228 vtilitatibus
2183 3206 2211 3242 ,

78 3295 135 3355 et
179 3280 677 3385 pertinentiis,
734 3275 909 3382 puta
943 3270 1230 3349 tributis
1250 3322 1271 3363 ,
1302 3265 1520 3344 terris
1554 3261 1777 3338 etiam
1811 3256 2215 3337 arabilibus

78 3385 274 3462 :ultis
317 3403 395 3462 et
424 3385 759 3476 incultis,
816 3381 1044 3484 agris,
1097 3377 1365 3482 pratis,
1411 3370 1684 3472 syiuis,
1735 3363 2206 3456 nemoribus,

78 3492 480 3585 uentibus,
527 3489 885 3581 vallibus,
938 3488 1211 3576 vineis,
1262 3499 1340 3556 et
1371 3479 1755 3554 vinearum
1782 3485 2215 3576 promonto-

78 3602 222 3691 ·iis,
279 3602 487 3701 aquis
512 3657 537 3692 ,
595 3620 1107 3702 aquarumque
1145 3583 1617 3674 decursibus,
1667 3574 2108 3670 molendinis
2135 3592 2214 3653 et

78 3707 654 3784 nolendinorum
690 3705 906 3790 locis,
959 3725 1045 3774 ac
1080 3693 1519 3800 generaliter
1551 3684 2051 3790 quarumlibet
2074 3682 2211 3759 vti-

78 3817 327 3890 itatum
368 3831 462 3890 et‘
486 3811 1098 3917 pertinentiarum
1136 3795 1669 3903 integritatibus
1694 3849 1715 3887 ,
1773 3791 2040 3895 quouis
2073 3816 2211 3865 no-

78 3922 266 3996 ninis
299 3920 663 3997 vocabulo
696 3915 1031 3993 vocitatis
1055 3963 1078 4000 ‚
1110 3910 1200 3986 ad
1240 3910 1483 4012 ipsum
1521 3918 1840 3977 castrum
1873 3894 2211 3971 n‘ostrum

78 4028 518 4121 3olondocz‚
573 4050 713 4101 nec
745 4051 902 4102 non
938 4019 1248 4124 oppida,
1303 4009 1830 4116 possessiones,
1883 4020 1958 4076 et
2003 4000 2212 4078 villas

78 4153 542 4228 >raenotatas,
571 4133 668 4208 de
702 4133 868 4207 iure
897 4119 1394 4232 spectantibus
1435 4135 1510 4191 et
1541 4114 1909 4217 pertinere
1943 4106 2214 4184 deben-

78 4240 302 4346 -ibus,
323 4240 464 4326 sub
500 4241 648 4319 suis
683 4239 877 4315 veris
905 4233 1119 4314 metis
1156 4247 1233 4310 et
1269 4224 1587 4327 antiquis
1622 4215 2018 4399 li15n5itibus‚
2051 4215 2213 4317 qui-
