2926 4849
522 577 525 586 .
636 486 689 592 gr
714 487 825 548 <tf-‘1
1426 517 1434 534 ·
2170 498 2348 606 435Ι

242 833 396 890 Idem
421 832 806 906 sigismundus
837 843 1042 914 contra
1069 847 1183 885 non
1215 831 1495 885 soluentes
1526 795 1726 883 stricte
1759 828 2034 900 procedit.
2072 829 2139 886 A.
2181 829 2340 886 1⁴33.
2371 840 2379 848 '
2439 885 2444 890 ,

442 923 948 1036 Sigismundus
992 927 1125 998 Dei
1164 928 1395 1027 gratia
1432 927 1944 998 Romanorum
2008 925 2175 998 'Rex
2227 945 2453 1014 sem·=

247 1060 389 1136 per
421 1033 823 1135 Augustus,
857 1059 942 1106 ac
982 1030 1425 1133 Hungariae‚
1454 1028 1882 1112 Bobemiae‚
1921 1029 2329 1105 Dalmaciae
2357 1045 2436 1106 et

247 1141 550 1214 Croatie
602 1157 744 1214 etc.
802 1140 987 1213 Rex.
1055 1137 1428 1213 Fidelibus
1488 1138 1760 1214 nostris
1798 1135 2434 1240 CapituloEccle-

244 1247 396 1321 siae
431 1246 772 1322 Albensis
809 1245 1123 1321 salutem
1162 1263 1238 1326 et
1271 1245 1603 1350 gratiam.
1660 1245 1745 1318 In
1784 1255 2109 1348 pers‘ona
2146 1244 2437 1346 religio·
2519 1258 2527 1268 '

245 1353 307 1427 si
340 1353 775 1429 Conuentus
830 1350 1111 1426 Domus
1155 1350 1529 1456 hospitalis
1574 1351 1940 1428 Ecclesiae
1984 1351 2208 1426 Beati*
2242 1351 2436 1454 regis
2471 1395 2474 1398 -

245 1456 608 1564 Stephani
649 1458 746 1535 de
780 1456 1012 1551 Alba,
1065 1458 1340 1543 Nobis,
1398 1485 1485 1536 ac
1545 1455 1935 1553 Praelatis,
1994 1475 2067 1531 et
2113 1457 2437 1532 Baroni-

250 1564 393 1640 bus
429 1567 695 1643 nostris
732 1562 1014 1642 dicitur
1054 1566 1498 1670 querulose:
1558 1563 1784 1654 Quod
1823 1582 2190 1670 quatenus
2233 1560 2438 1639 idem

246 1670 683 1762 Conuentus
733 1670 1101 1776 quasdam*
1154 1697 1321 1749 suas
1377 1673 1763 1778 portiones
1833 1670 2440 1774 possessionarias

250 1778 329 1855 in
371 1781 837 1884 possessione
870 1776 1116 1855 Archa
1144 1798 1474 1878 jocata,
1532 1780 1608 1853 in
1657 1782 2028 1856 Comitatu
2089 1775 2437 1871 Tolnensi

248 1889 653 1978 existente,
730 1880 1049 1971 habitas.
1105 1912 1281 1981 cum
1334 1884 1681 1963 omnibus
1717 1912 1977 1963 earnm
2013 1882 2444 1960 vtiiitatibus

116 2053 119 2054 ν
246 2011 328 2069 et
358 1992 822 2097 pertinentiis
855 1992 1316 2097 quibuslibet
1335 2045 1362 2082 ‚
1393 1992 1486 2068 ad
1522 2018 1686 2068 eam
1727 1987 2233 2099 spectantibus
2254 2043 2277 2082 ,
2308 1988 2440 2062 Al-

249 2097 477 2175 berto
519 2096 718 2193 filio,
794 2115 873 2175 et
929 2096 1164 2176 nobili
1231 2101 1599 2175 Dominae
1651 2096 2084 2193 susannae,
2137 2095 2440 2174 relictae

249 2205 632 2309 quondam
663 2204 1084 2308 Bychkele,
1110 2221 1117 2226 ’
1140 2204 1236 2282 de
1274 2208 1481 2284 Ewrs
1504 2263 1528 2303 ‚
1583 2235 1729 2312 pro
1762 2213 1973 2284 certo
2022 2227 2255 2282 censu
2297 2230 2444 2278 an-

249 2339 409 2388 nuo
444 2311 788 2405 nenda,
848 2312 1206 2390 tenendas
1250 2331 1328 2391 et
1371 2311 1953 2410 conseruandas,
2006 2311 2200 2391 serie
2253 2307 2439 2386 lite-
2533 2375 2543 2394 ,

250 2447 506 2496 rarum
550 2437 959 2497 vestrarum
996 2416 1264 2497 exinde
1310 2421 1826 2499 confectarum
1853 2478 1878 2525 ,
1930 2445 2192 2500 coram
2220 2414 2443 2495 nobis

249 2527 480 2604 etiam
496 2530 587 2635 ⁸in
620 2526 870 2630 specie
910 2527 1404 2607 exhibitarum
1421 2527 1566 2605 sub
1607 2555 1697 2605 ea
1734 2527 1830 2606 de
1878 2527 2325 2613 conditione.
2363 2540 2445 2602 vt

250 2659 426 2721 casu
469 2658 628 2737 quo
677 2633 742 2710 si
793 2635 935 2738 ipsi
982 2635 1339 2712 Albertus
1402 2648 1502 2712 et
1539 2635 1861 2712 Domina
1938 2636 2267 2739 aliquem
2309 2646 2442 2708 an-‘
2520 2651 2526 2661 ·

249 2765 525 2816 norum
578 2738 1064 2818 obmitterent
1128 2741 1211 2819 in
1260 2740 1672 2838 soluendo,
1745 2768 2045 2849 semper
2115 2763 2441 2846 poenam

248 2846 515 2950 duppli
551 2846 1068 2940 incurrerent,
1122 2865 1197 2925 et
1232 2847 1440 2948 quod
1473 2851 1612 2953 ipsi
1652 2848 2010 2926 Albertus
2050 2865 2128 2926 et
2181 2846 2439 2923 Domi-

247 2980 349 3028 na
390 2955 585 3058 ipsas
636 2957 1022 3060 portiones
1066 2956 1676 3061 possessionarias
1732 2955 1915 3031 dicti
1968 2957 2439 3045 Conuentus,

246 3056 433 3137 dum
468 3056 667 3135 idem
698 3051 1125 3139 Conuentns
1159 3059 1381 3138 vellet
1424 3059 1521 3136 ab
1555 3062 1722 3166 ipso
1761 3060 2093 3139 ‚Alberto
2145 3072 2225 3134 et
2278 3058 2436 3133 Do-

246 3168 446 3241 mina
489 3164 896 3261 rehabere,
951 3182 1031 3243 et
1065 3166 1400 3264 auferre,
1434 3184 1634 3245 tunc
1666 3165 1893 3243 iidem
1944 3166 2299 3243 Albertus
2359 3170 2436 3239 et

245 3273 572 3349 Domina
631 3276 924 3353 easdem
973 3273 1129 3351 sibi
1168 3275 1453 3377 absque
1514 3276 1910 3351 renitentia
1975 3294 2053 3353 et
2103 3268 2433 3382 qualibet

244 3383 761 3483 protractione
802 3382 1079 3477 litium,
1134 3408 1309 3458 cum
1355 3381 1564 3458 dictis
1603 3382 1947 3494 omnibus
2001 3376 2434 3460 vtilitatibus

234 3488 628 3564 remittere
667 3508 745 3565 et
787 3492 1163 3593 resignare
1199 3500 1682 3584 tenerentur,
1735 3488 2052 3566 locasset
2082 3508 2159 3565 et
2194 3482 2432 3566 tradi-

243 3592 498 3670 disset.
553 3596 836 3693 Tamen
892 3594 1033 3699 ipsi
1083 3588 1432 3673 Albertus
1487 3614 1565 3673 et
1625 3597 1942 3673 Domina
1987 3624 2129 3674 nec
2173 3592 2429 3680 huius·

239 3700 452 3775 modi
500 3727 807 3779 censum
836 3696 1160 3797 ‘duobus
1201 3707 1345 3780 iam
1382 3701 1807 3809 retrolapsis
1867 3705 2116 3798 annis,
2207 3727 2287 3780 se
2345 3698 2427 3772 in

235 3807 620 3913 praedicta
667 3804 910 3915 poena
942 3807 1206 3915 duppli
1237 3812 1469 3914 ipsius
1513 3825 1788 3886 ‘census
1832 3812 2183 3888 conuinci
2236 3829 2423 3915 per-
2513 3860 2524 3868 ·

239 3913 656 4011 mittendo,
724 3918 1019 3993 soluere
1056 3973 1078 4009 ‚
1133 3944 1271 3993 nec
1329 3916 1559 3992 dictas
1609 3918 1989 4021 portiones
2033 3911 2429 4022 possessio-

242 4023 491 4097 narias
521 4021 854 4127 praefato
886 4024 1312 4125 Connentui
1345 4023 1443 4097 ab
1490 4024 1665 4128 ipsis
1714 4020 2074 4099 rehabere
2115 4015 2427 4109 volenti,

128 4182 135 4187 -
239 4118 630 4206 retfiittere
662 4148 740 4208 et
763 4132 1136 4233 resignare
1157 4128 1562 4207 voluissent
1580 4154 1825 4230 neque
1864 4130 2138 4210 vellent
2151 4161 2173 4229 3
2200 4134 2431 4213 ,etiam

242 4233 342 4312 de
355 4237 728 4343 praesenti
765 4236 1088 4333 fructus,
1127 4235 1471 4316 vtilitatea
1504 4235 1938 4343 earumdem
1969 4267 2108 4344 pro
2133 4264 2212 4317 se
2237 4234 2416 4343 ipsis
