2926 4849
1914 561 1933 570 ·
2016 512 2057 528 .,
2106 462 2285 576 sss⁸

155 661 334 740 ‘mio
386 663 771 769 quondam
829 655 1185 744 Johannis
1250 663 1645 767 Wayuoda
1690 665 1788 744 de
1822 669 2177 771 Tamasy,
2230 697 2373 774 pro

172 772 386 846 certa
422 798 709 847 summa
745 777 1110 877 pecuniae
1143 775 1806 881 oppignot-assent‚
1860 778 1935 850 in
1983 774 2373 880 praeiudi-

175 878 381 952 cium
423 878 752 954 eiusdem
791 882 1220 956 Conuentus
1262 882 1435 954 satis
1469 883 1637 953 satis
1674 883 1960 984 ingens.
2024 882 2235 958 Vnde
2271 882 2369 958 fa·

173 1001 298 1059 cta
334 980 754 1061 huiusmodi
801 992 1333 1090 protestatione
1363 1043 1384 1080 ‚
1441 987 1811 1089 praefatos
1859 989 2253 1065 Dominam
2298 1008 2373 1064 et

177 1088 578 1167 Albertum
617 1091 712 1166 ab
749 1095 1369 1197 impignoratione
1419 1110 1499 1165 et
1549 1093 2135 1190 statuifartione,
2192 1122 2370 1171 vsu-

175 1222 462 1298 umque
513 1196 897 1294 fructuum
954 1215 1035 1275 et
1086 1189 1587 1324 quarumlibet
1642 1200 2040 1276 vtilitatum
2092 1228 2371 1308 perce-

177 1304 439 1406 ptione
491 1330 625 1379 seu
684 1304 1342 1411 percipifactione,
1418 1331 1652 1408 seque
1714 1311 1988 1410 quouis·
2037 1309 2370 1412 quaesito

175 1408 437 1484 colore
476 1412 553 1485 in
591 1407 1006 1487 dominium
1047 1411 1482 1490 earumdem
1537 1414 2082 1490 intromissione
2147 1414 2364 1491 sactis

176 1541 249 1588 v.
272 1509 531 1593 fiendis
574 1518 960 1621 prohibuit
986 1519 1563 1616 contradicendo
1589 1538 1662 1595 et
1684 1518 2130 1599 contradixit
2163 1521 2364 1598 inhi-

173 1620 426 1698 bendo
461 1624 766 1729 publice
813 1644 888 1702 et
936 1629 1322 1704 manifeste
1379 1621 1637 1708 ¹coram
1690 1627 1946 1723 nobis,
2003 1656 2366 1732 praesen-

171 1727 364 1814 tium
410 1734 835 1808 testimonio
873 1735 1264 1811 mediante.
1298 1737 1583 1814 Datum'
1611 1737 1833 1810 tertio
1881 1734 2003 1809 die
2041 1737 2207 1826 festi
2244 1739 2366 1810 Pa·

165 1831 390 1913 sellae
430 1831 757 1916 Domini.
791 1839 1021 1919 Anno
1059 1841 1391 1920 eiusdem
1418 1842 1810 1920 Millesimo
1850 1841 2366 1949 quadringen-

167 1941 436 2022 tesimo
483 1949 865 2053 trigesimo
900 1952 1242 2054 quarto.“
2394 1945 2405 1964 ‘

258 2075 309 2135 E
338 2072 693 2138 membrana
725 2075 1032 2163 originali„

1085 2247 1457 2326 CCLXX.

164 2389 432 2459 Eiusdem
464 2387 712 2462 Capituli
747 2406 919 2460 super
944 2367 1197 2460 florenis
1233 2410 1332 2445 aaa·
1362 2392 1498 2452 aun·
1532 2390 1799 2465 obligatis
1835 2392 1995 2450 haud
2025 2390 2233 2449 solutis
2261 2407 2362 2466 og·

355 2484 745 2563 grauntat-fae.
788 2485 855 2536 A.
899 2481 1068 2537 1434.

241 2674 247 2681 ,
363 2594 518 2669 Nos
538 2594 957 2700 Capitulum
983 2592 1356 2671 Ecclesiae
1378 2595 1693 2688 Abensis
1723 2597 2130 2677 memoriae
2163 2620 2362 2671 com-

166 2695 644 2796 mendamus,
703 2699 908 2804 quod
953 2728 1121 2776 cum
1177 2703 1383 2779 iuxta
1429 2702 1920 2780 continentias
1980 2704 2371 2787 literarum·

163 2806 618 2897 honorabilis
657 2808 970 2911 Capituli
1004 2808 1374 2886 Ecclesiae
1423 2808 2032 2911 wesprimiensis
2093 2830 2361 2914 paten-

163 2912 357 2993 tium
400 2914 892 2990 fassionalium
929 2917 1203 3017 pariter
1255 2932 1332 2989 et
1369 2916 1977 3016 obligatoriarum
2029 2915 2364 3020 Stepha-

161 3051 346 3118 nus,
402 3022 590 3098 Iilius
634 3022 1004 3095 Valentini
1052 3017 1330 3096 Vincze
1372 3021 1469 3095 de
1498 3021 2023 3123 Zenthgiwrch
2051 3078 2071 3114 ,
2112 3024 2191 3097 in
2225 3046 2360 3097 sua

153 3138 295 3209 ”sua
331 3148 408 3206 et
442 3127 757 3206 Ladislai
799 3125 924 3201 filii
959 3129 1087 3220 sui·
1113 3130 1447 3230 personis
1474 3184 1491 3211 .
1551 3127 1971 3204 Conuentui
2021 3128 2360 3204 Crucife-

164 3264 431 3334 rorum
489 3236 859 3313 Ecclesiae
910 3235 1127 3311 Beati
1179 3234 1378 3335 regis
1435 3232 1794 3339 Stephani
1836 3234 1929 3309 de
1966 3235 2214 3328 Alba,
2275 3236 2354 3308 in

55 3392 63 3397 ,
159 3349 359 3425 festo
389 3347 592 3420 Beati
632 3343 939 3446 Georgii
987 3343 1331 3443 Martyris
1373 3348 1714 3445 proxime
1769 3347 2168 3448 praeterito
2224 3370 2358 3418 sex

160 3454 492 3529 florenos
528 3451 701 3555 puri
727 3453 888 3524 auri
925 3449 1452 3551 Hungamcales
1475 3458 1509 3543 ,'
1557 3452 1709 3525 veri
1748 3467 1824 3526 et
1857 3453 2024 3525 iusti
2070 3450 2356 3554 ponde·
2394 3540 2401 3547 ι
2494 3452 2503 3465 ’

154 3560 312 3652 ris,
388 3584 643 3632 coram
695 3556 913 3633 nobis
971 3558 1266 3631 soluere
1325 3555 1797 3649 debuissent,
1872 3557 2045 3661 *ipso
2099 3558 2355 3659 itaque

156 3668 487 3742 termino
520 3665 961 3740 adueniente
1000 3661 1227 3738 iidem
1271 3660 1693 3766 Stephanus
1731 3663 1968 3737 Vinze
2003 3666 2079 3736 in
2112 3689 2240 3738 sua
2263 3679 2358 3739 et

157 3773 485 3871 Lpdislai
536 3772 661 3846 filii
719 3774 828 3846 sui
881 3771 1254 3873 personiS,
1343 3770 1583 3845 dictos
1629 3795 1757 3844 sex
1812 3768 2137 3847 florenos
2190 3771 2356 3844 auri

153 3880 404 3956 eidem
443 3878 864 3956 Conuentui
888 3877 1192 3950 minime
1231 3876 1757 3978 persoluissent
1795 3876 1923 3971 sed
1952 3902 2031 3949 se
2070 3876 2146 3951 in
2173 3878 2356 3980 ipsa-

151 4015 328 4063 rum
370 3983 937 4090 obligationibus
976 3987 1048 4057 in
1096 3981 1308 4056 dictis
1347 3983 1578 4058 literis
1627 3982 1986 4077 praedicti
2036 3982 2349 4085 Capituli

149 4094 537 4171 Ecclesiae
569 4091 1195 4196 'Wesprimiensis
1251 4092 1690 4195 conscriptis
1758 4103 1836 4164 et
1908 4093 2350 4194 consignatis

148 4201 505 4279 conuinci
550 4221 625 4280 et
667 4198 1054 4308 aggrauari
1101 4197 1604 4301 permisissent
1652 4196 2070 4274 testimonio
2121 4222 2349 4301 prae-
