2926 4849
598 482 752 553 364

487 689 905 792 Stephanus
945 688 1037 763 de
1083 692 1511 773 Possahaza,
1572 710 1647 772 et
1694 691 1891 766 idem
1943 709 2277 767 nostlum
2338 692 2674 764 testimo-

489 796 693 869 nium
757 797 850 870 ad
897 793 1118 870 facies
1169 797 1579 904 piescripte
1637 799 2110 919 possessionis
2161 791 2677 871 Zolwazenth-

486 898 817 1002 myclos‚
872 920 950 976 et
997 906 1298 977 aliarum
1342 903 1925 1028 presciiptarum
1975 906 2049 977 in
2113 903 2476 978 Comitatu
2518 903 2666 984 Be-

487 1034 617 1109 teg
668 1005 1081 1084 habitatum
1151 1028 1226 1085 et
1282 1013 1586 1085 existen.
1670 1014 1927 1087 vicinis
1994 1028 2071 1083 et
2148 1010 2675 1084 commetaneis

487 1114 817 1189 eiusdem
852 1137 927 1192 et:
960 1120 1290 1220 ipsarum
1328 1118 1690 1190 Vniuersis
1725 1117 1906 1191 inibi
1946 1118 2266 1223 legitime
2305 1140 2674 1190 conuoca-

489 1223 580 1297 tis
551 1226 1110 1350 accessissent,
1146 1227 1221 1296 in
1259 1224 1465 1298 cuius
1497 1241 1570 1297 et
1606 1251 1922 1329 quarum
1960 1212 2289 1298 faciebus
2328 1221 2671 1325 legitimis

484 1303 600 1403 et
621 1336 996 1408 consuetis
1057 1331 1321 1407 diebus
1387 1332 1906 1433 permanendo
1970 1330 2676 1434 prenominatosque

484 1431 903 1516 Johannem
937 1457 1011 1513 et
1048 1439 1485 1528 Nicolaum,
1546 1439 1729 1512 filios
1772 1437 2086 1513 condam
2127 1436 2431 1510 Comitis
2479 1435 2674 1509 Petri

488 1541 581 1616 de
619 1543 895 1635 Peren,
955 1546 1030 1617 in
1069 1546 1478 1619 dominium
1520 1544 1852 1620 eiusdem
1882 1563 1956 1618 et
1996 1548 2270 1646 ipsarm
2323 1540 2673 1618 lntrodu-

486 1648 769 1738 cend0,
827 1651 1175 1755 idemque
1217 1670 1292 1725 et
1330 1648 1623 1726 easdem
1666 1651 1940 1726 eisdem
1979 1678 2144 1725 cum
2187 1652 2467 1723 cunctis
2502 1647 2671 1751 ipsi-

487 1782 571 1830 us
607 1773 681 1830 et
710 1757 1039 1882 ipsarum
1086 1754 1516 1833 vtilitatibus
1549 1776 1625 1833 et
1677 1758 2137 1862 pertinentiis
2200 1757 2671 1859 quibuscun-

385 1865 392 1872 '
486 1889 683 1966 que,
710 1865 901 1941 iure
944 1867 1120 1968 ipsis
1154 1864 1611 1940 incumbenti
1662 1867 2077 1939 statuissent
2124 1880 2198 1937 et
2252 1863 2666 1937 commisis-

483 1989 648 2046 sent
680 1997 1041 2075 perpetuo
1087 1970 1503 2074 possidend.
1566 1990 1641 2046 et
1677 1970 1970 2047 tenend.
2030 1972 2322 2044 nemine
2376 1970 2663 2071 penitus

484 2078 1031 2153 contradictore
1064 2079 1252 2151 inibi
1273 2099 1707 2182 apparente
1725 2082 1806 2152 ln
1837 2082 2038 2153 cuius
2074 2081 2184 2150 rei
2215 2078 2666 2165 memoliam‚

477 2183 1103 2287 stabilitatemque
1128 2184 1653 2287 perhennalem
1688 2203 2066 2309 presentes
2093 2182 2337 2258 literas
2375 2200 2669 2257 nostras

483 2290 1054 2394 priuilegiales,
1076 2291 1624 2394 alphabetoque
1664 2282 2062 2373 inteicisas,
2098 2290 2510 2395 pendentis
2561 2291 2667 2362 si-

480 2395 636 2499 gilli
674 2401 903 2474 nostri
944 2402 1391 2502 appensione
1451 2400 1859 2474 munimine
1896 2397 2285 2473 roboratas
2325 2397 2668 2472 duximus

484 2503 1019 2579 concedendas.
1089 2506 1354 2580 Datum
1406 2506 1483 2579 in
1542 2507 1733 2580 festo
1786 2507 2183 2581 Beatorum
2236 2505 2538 2577 Fabiani
2595 2521 2668 2578 et

481 2607 898 2685 Sebastiani
934 2610 1363 2712 Martyrum.
1427 2613 1647 2686 Anno
1688 2615 1979 2687 Domini
2016 2611 2446 2703 Millesimo,
2494 2636 2668 2715 qua-

397 2712 420 2728 ‘
481 2714 1057 2825 dringentesimo
1096 2721 1469 2793 tricesimo
1513 2720 1781 2822 primo.
1791 2723 1839 2760 “

567 2844 614 2900 E
649 2842 1114 2905 confirmatoriis
1143 2842 1538 2926 sigismundi.
1586 2867 1643 2905 v.
1691 2845 1865 2907 infra.

1341 3060 1350 3070 -
1405 2994 1717 3096 ‘exui

472 3155 622 3207 Idem
656 3158 976 3211 conuentus
1009 3161 1069 3212 de
1099 3162 1321 3214 Ioanne
1355 3180 1423 3213 ac
1458 3163 1738 3231 Stephano
1772 3165 1834 3216 de
1874 3167 2048 3216 Peren
2093 3168 2154 3217 in
2191 3179 2438 3217 castrum
2495 3165 2664 3231 Nya—

661 3245 790 3312 lae
831 3248 1037 3321 absque
1073 3253 1530 3313 contradictione
1560 3254 1934 3310 introductis,
1975 3268 2043 3305 ao
2087 3268 2321 3306 statutt-³
2359 3254 2553 3327 refert.
2593 3254 2664 3305 A.

674 3334 835 3391 1431.

670 3449 1045 3523 Omnibus
1081 3450 1349 3525 Christi
1381 3448 1719 3526 fidelibus
1748 3448 2226 3555 presentibus
2265 3453 2544 3555 pariter
2586 3469 2668 3525 et

474 3552 779 3647 futuris,
815 3562 1264 3659 presentium
1293 3561 1651 3634 noticiam
1683 3558 2064 3652 habituiis‚
2102 3559 2171 3631 N
2175 3559 2449 3632 leolaus
2492 3555 2666 3632 Pre-

474 3665 756 3763 positus
788 3681 867 3737 et
906 3666 1330 3757 Conuentus
1370 3665 1699 3740 Ecclesie
1741 3683 1986 3739 sancte
2039 3664 2299 3739 Crucis
2358 3663 2448 3738 de
2503 3664 2665 3738 Le-

471 3770 627 3857 lez,
686 3768 1047 3845 salutem
1029 3798 1108 3845 m
1149 3776 1483 3847 omnium
1521 3771 1931 3847 Saluatore.
1991 3769 2104 3844 Ad
2146 3774 2668 3847 vniuersorum

470 3876 822 3950 noticiam
845 3878 1120 3958 harum
1169 3887 1357 3953 serie
1404 3880 1743 3953 volumus
1788 3880 2227 3982 peruenire3
2288 3880 2493 3983 quod
2533 3905 2666 3953 nos

471 3982 715 4054 literas
750 3982 1211 4060 Serenissimi
1248 3986 1648 4090 Principis,
1709 3986 2011 4062 Domini
2050 3988 2329 4080 nostri,
2398 3988 2664 4063 Domi-

473 4091 547 4161 ni
584 4086 1088 4190 Sigismundi‚
1125 4094 1267 4167 Dei
1293 4095 1588 4197 gratia,
1622 4095 2134 4168 Romanorum
2172 4096 2437 4195 Regis,
2480 4120 2667 4167 sem-

475 4224 606 4298 per
668 4198 1020 4311 Augusti,
1096 4226 1179 4274 ac
1233 4186 1649 4302 Hungarie‚
1752 4200 2145 4293 Bohemie‚
2240 4200 2616 4276 Dalmacie
2643 4214 2691 4291 ,‘
