2926 4849
697 462 844 535 104

581 666 801 745 mulis
865 666 1173 755 nostrin,
1251 681 1335 740 vt
1373 681 1572 770 ‘puta
1641 662 2014 753 Mol-auis,
2076 680 2253 741 -tum
2319 661 2770 767 praedietis,

578 774 883 881 aliisque
948 772 1218 850 nostris
1270 769 1693 847 infidelibus
1761 769 2079 875 dampna
2146 769 2772 876 irrecuperabili&

579 882 979 984 irrogauit,
1033 882 1679 984 possessionesque
1716 896 1794 953 et
1828 876 2197 955 fortalicia
2232 879 2585 954 nonnulla
2615 904 2765 953 eo-

574 982 922 1062 rumdem
973 989 1049 1060 in
1090 986 1417 1061 fauillam
1453 987 1869 1079 conuertit,
1925 1002 2000 1060 et
2037 986 2306 1061 multos
2348 1012 2440 1058 ex
2479 984 2765 1059 eisdem

573 1096 654 1170 in
700 1095 984 1199 praelio
1037 1095 1430 1198 campestri
1487 1119 1659 1168 cum
1692 1093 1967 1171 eisdem
2010 1095 2287 1169 nostris
2330 1090 2765 1169 infidelibus

571 1217 742 1279 ante
794 1202 1168 1277 ciuitatem
1214 1219 1544 1277 nostram
1591 1198 1828 1283 Oatro
1866 1219 2248 1289 vocatam,
2306 1226 2530 1302 quam
2575 1214 2762 1276 tunc

564 1308 837 1401 aemuli
893 1308 1128 1383 nostri
1184 1306 1741 1411 gubernabant,
1798 1310 2237 1396 commissu,
2287 1305 2757 1401 interfectis,

565 1413 695 1489 vbi
749 1414 890 1487 Dei
937 1412 1263 1505 iudicio,
1321 1416 1451 1517 qui
1486 1432 1596 1490 est
1630 1413 2094 1489 exercituum
2171 1415 2581 1504 Dominus,
2662 1441 2761 1487 a·

465 1536 472 1541 “
562 1521 717 1596 cies
773 1522 1202 1613 instruensf
1239 1512 1604 1598 roborans
1639 1520 1969 1610 animm,
2021 1519 2306 1597 ducens
2346 1543 2609 1607 manus
2661 1517 2765 1595 nd

557 1624 879 1731 praelia,
911 1653 1101 1731 quos
1141 1626 1299 1700 vult
1337 1625 1751 1715 subiicere,
1791 1626 2112 1716 subiicit,
2151 1646 2225 1701 et
2266 1626 2543 1729 quibus
2576 1627 2762 1722 vult,

558 1732 945 1827 victoriam
995 1735 1457 1837 impertitur,
1548 1731 1833 1807 viribus
1886 1733 2262 1809 dictorum
2326 1751 2762 1811 nostrorum

441 1848 442 1861 ¹
556 1836 967 1919 infidelium
1022 1838 1433 1932 demolitis,
1493 1838 1792 1915 eosdem
1838 1839 2206 1916 hereticos
2250 1840 2566 1945 praefati
2617 1867 2761 1917 no·

553 1947 689 2024 stri
721 1946 975 2023 fideles
1021 1948 1100 2022 in
1141 1972 1273 2022 ore
1318 1947 1577 2049 glady‚
1642 1952 1877 2048 vsqu'e
1910 1947 2003 2021 ad
2053 1972 2306 2023 muros
2356 1951 2582 2050 ipsius
2628 1946 2761 2022 Ci-

549 2056 795 2130 uitatis
850 2073 1021 2133 sunt
1072 2057 1484 2158 persecuti3
1557 2055 1750 2128 inter
1820 2080 2008 2157 quos
2068 2054 2265 2131 idem
2324 2052 2756 2158 Stephanus

553 2165 825 2237 Comes
882 2188 1057 2265 prae
1123 2163 1391 2236 ceteris
1448 2162 1598 2236 suis
1648 2161 2440 2263 participibu3‚·velut
2491 2184 2756 2238 aurum

546 2268 892 2372 puritatis
910 2294 1081 2341 suae
1112 2266 1511 2372 splendore
1551 2286 2015 2342 caeterorum
2037 2268 2506 2344 metallorum
2546 2293 2757 2368 prae·

546 2369 827 2478 cellens
867 2376 1234 2465 nitorem,
1289 2401 1429 2479 per
1468 2393 1764 2451 actuum
1809 2402 2113 2452 suorum
2170 2378 2596 2451 militarium
2643 2417 2756 2436 --

545 2481 740 2558 adeo
779 2478 1062 2558 studuit
1099 2484 1608 2586 complacere,
1664 2481 1866 2584 quod
1907 2483 2097 2556 fama
2131 2481 2551 2558 huiusmodi
2592 2508 2752 2557 ser·

549 2590 905 2664 uitiorum
963 2612 1271 2666 suorum
1339 2589 1429 2662 ad
1496 2615 1708 2664 aures
1753 2608 2048 2665 nostrae
2092 2592 2487 2665 maiestatis
2526 2588 2756 2665 dedu·

555 2713 673 2771 cta
702 2750 722 2786 ‚
779 2695 1047 2771 exinde
1079 2697 1366 2784 animus
1409 2714 1661 2770 noster
1712 2697 1957 2798 regius
2000 2698 2327 2770 claritate
2369 2696 2758 2773 desidera-

555 2801 691 2877 bili
728 2806 1266 2903 praesignatus,
1325 2805 1711 2878 amoenam
1755 2808 2079 2906 suscepit
2140 2808 2471 2907 quietem
2525 2823 2602 2879 et
2635 2832 2761 2908 pe·

555 2910 660 2983 cis
720 2909 1257 3010 plenitudinem
1314 2928 1427 2984 est
1478 2928 1935 2986 consecutus.
2039 2912 2379 3000 Quorum
2436 2907 2618 3012 quid
2640 2937 2763 2988 em

556 3016 1051 3092 Dominorum
1093 3018 1292 3090 Petri
1333 3036 1408 3092 et
1447 3017 1769 3093 Simonis
1786 3018 2371 3120 Episcoporum‚
2427 3044 2565 3091 nec
2604 3044 2763 3092 non

555 3123 957 3226 Vtriusque·
985 3123 1341 3227 Stephani
1381 3144 1457 3200 et
1502 3126 1812 3227 Georgii
1855 3127 2224 3200 Comitum
2279 3140 2565 3200 caetere
2609 3150 2767 3200 ser-

558 3232 776 3323 uitia,
834 3248 910 3304 et
945 3234 1253 3306 virtutes
1305 3256 1443 3333 per
1483 3232 1759 3332 singula
1819 3233 2231 3307 toediosum
2278 3250 2470 3306 esset
2509 3231 2765 3306 deela-

485 3431 490 3436 ,
557 3364 767 3429 rure3
825 3365 988 3411 nam
1036 3338 1179 3438 ipsi
1212 3353 1287 3410 et
1324 3337 1640 3437 quilibet
1685 3363 1949 3414 eorum
1989 3342 2184 3413 eirca
2231 3358 2554 3414 nostram
2603 3366 2767 3414 ma·-

559 3449 887 3521 iestatem
944 3459 1020 3518 et
1056 3448 1361 3544 negocia
1413 3446 1625 3546 regni
1666 3447 1897 3521 nostri
1942 3475 1984 3518 a
2033 3465 2367 3548 tempore
2386 3447 2768 3521 seruitio-

561 3578 731 3627 rum
800 3575 1064 3626 eorum
1128 3549 1485 3643 exordio,
1560 3556 1910 3627 continua
1988 3551 2376 3647 fidelitate,
2465 3552 2766 3630 assidue

562 3658 780 3732 nobis
814 3685 1108 3762 semper
1146 3658 1252 3731 sic
1296 3677 1727 3734 constanter
1761 3658 2151 3735 astiterunt
2176 3716 2193 3744 ,
2251 3662 2509 3761 sicque
2549 3683 2771 3763 prae-

562 3764 695 3840 snti
752 3768 955 3866 regni
992 3766 1225 3841 nostri
1261 3766 1741 3840 commodum
1779 3768 2168 3858 studiosius
2223 3767 2712 3843 intenderunt
2738 3823 2766 3860 ‚

562 3869 773 3974 quod
809 3873 1009 3946 nulla
1049 3899 1376 3974 vnquam
1416 3875 1629 3975 regni
1682 3878 1922 3951 nostri
1960 3876 2299 3951 turbncio
2338 3894 2415 3950 et
2451 3891 2762 3978 tempo-

560 3984 661 4054 ris
716 3977 1113 4058 eduen-sitas
1153 4009 1193 4053 a
1239 3981 1571 4057 veritatis
1606 3984 1896 4058 tramite
1936 4009 2067 4058 eos
2104 4000 2448 4058 euertere
2488 3999 2782 4084 potue·-

552 4104 772 4180 runt,
829 4104 903 4162 et
966 4114 1106 4161 nec
1149 4090 1288 4190 ipsi
1347 4085 1495 4165 vllo
1550 4113 1879 4193 vnquam
1936 4107 2274 4193 tempore
2328 4091 2404 4163 in
2454 4106 2759 4194 partem

550 4195 916 4298 sinistram
986 4191 1448 4271 declinarunt
1509 4221 1824 4301 quoquo
1890 4196 2159 4290 modo,
2218 4199 2438 4276 sicuti
2480 4222 2619 4275 nos
2652 4194 2757 4273 de
