2926 4849
2057 471 2066 577 J
2179 467 2332 572 *su

230 705 586 785 emanatis
621 719 702 784 et
736 703 1144 801 confectis,
1178 704 2077 813 nobisqueamicabiliter
2111 706 2439 804 directis,

230 813 909 903 iuxtaearumdem
963 812 1543 912 continentiam,
1615 843 1763 894 vna
1820 844 1989 912 cum
2047 817 2279 895 Paulo
2338 816 2437 894 de

230 913 792 1002 Sarolbomine
832 939 1127 1019 vestro,
1182 928 1257 1001 in
1291 923 1508 1001 dictis
1541 925 1770 1002 literis
1816 927 2082 1002 vestris
2124 923 2439 1031 procla-
2557 965 2566 976 -

231 1029 567 1105 matoriis
605 1029 807 1104 inter
835 1029 1021 1107 alios
1050 1026 1399 1108 homines
1423 1047 1707 1134 vestros
1746 1035 2248 1137 conscriptos,
2305 1057 2439 1108 noa

231 1137 572 1214 minatim
609 1159 1006 1240 expresso,
1061 1156 1402 1214 nostrum
1437 1137 1856 1229 hominem,
1916 1138 2259 1214 videlicet
2306 1138 2436 1213 di·-

231 1258 558 1321 scretum
616 1243 867 1318 virum
928 1241 1287 1322 Mathiam
1350 1244 1899 1338 presbiterum,
1956 1243 2435 1350 capellanum

230 1367 618 1446 nostrum,
674 1346 767 1423 ad
805 1376 936 1443 ea,
994 1377 1187 1457 quae
1220 1357 1295 1426 in
1333 1351 1553 1429 dictis
1590 1349 1824 1427 literis
1863 1357 2123 1428 vestris
2162 1379 2434 1457 procu-
2559 1432 2566 1438 ,

227 1458 523 1532 ratoriis
559 1455 1041 1533 continentur
1067 1513 1089 1550 ,
1145 1457 1459 1542 fideliter
1495 1457 1915 1564 peragenda
1976 1478 2230 1538 nostro
2285 1484 2431 1564 pro

236 1565 664 1640 testimonio
701 1564 1347 1641 transmisissemus
1374 1564 1519 1641 fide
1555 1563 1885 1668 dignum.
1934 1566 2086 1653 Qui
2131 1566 2431 1641 tandem

231 1670 504 1745 exinde
541 1668 633 1743 ad
675 1694 810 1744 uos
854 1673 1133 1746 reuersi
1174 1673 1659 1750 concorditer
1705 1671 2159 1748 retulerunt:
2219 1670 2429 1773 quod
2483 1739 2488 1742 ,

230 1777 376 1878 ipsi
411 1774 596 1853 feria
633 1785 886 1871 sexta,
947 1777 1294 1854 videlicet
1346 1781 1422 1854 in
1483 1777 1676 1856 festo
1730 1778 1988 1856 beatae
2049 1777 2430 1882 Margare-

230 1882 401 1959 thae
432 1884 761 1990 Virginis
795 1884 1135 1989 proxime
1171 1886 1581 1990 praeterito
1610 1942 1631 1979 ,
1684 1886 1932 1991 primo
1988 1887 2067 1961 in
2119 1886 2432 1962 Ciuitate
2537 1921 2542 1926 ·

229 1989 592 2083 Albensi,
648 1989 974 2067 secundo
1022 2018 1250 2083 vem,
1307 1990 1655 2070 videlicet
1694 1983 1879 2069 feria
1924 2003 2233 2095 quarta,
2292 1995 2424 2067 sci·

228 2099 408 2172 licet
443 2100 522 2174 in
556 2099 748 2174 festo
787 2096 1167 2174 diuisionis
1214 2099 1788 2202 Apostolorum,
1857 2100 2205 2177 similiter
2254 2126 2433 2203 pro-

227 2207 427 2279 xime
465 2206 917 2309 praeterito,
971 2206 1051 2280 in
1088 2203 1516 2282 Chokakew
1540 2259 1562 2301 ‚
1598 2209 1818 2282 tertio*
1855 2223 2100 2284 autem
2152 2224 2229 2284 et
2259 2204 2428 2283 vlti-

226 2337 401 2406 mo,
458 2309 806 2387 videlicet
845 2310 1032 2386 feria
1081 2314 1336 2415 quinta
1371 2332 1542 2416 post
1576 2313 1856 2391 dictum
1904 2314 2171 2389 festum
2221 2311 2430 2408 diui-

225 2419 457 2495 sionis
489 2417 1027 2524 Apostolorum
1079 2421 1158 2494 in
1200 2417 1468 2516 Adon,
1524 2420 2111 2526 possessionibus
2166 2418 2429 2499 videli-

227 2545 352 2602 cet
397 2552 555 2601 sese
615 2526 1287 2629 consequentibus,
1365 2526 1602 2605 tribus
1650 2526 1937 2604 scilicet
1989 2528 2173 2603 foris
2222 2552 2427 2604 com-

219 2634 836 2738 prouincialibus‚
874 2635 1244 2738 praefatos
1284 2634 1634 2722 Nobilem
1661 2638 2055 2741 Dominam
2086 2635 2425 2712 relictam

178 2754 306 2819 ,et
343 2738 799 2836 Ladislaum,
857 2742 1092 2817 filium
1133 2739 1310 2833 dicti
1341 2743 1693 2848 Georgii,
1749 2760 2015 2821 contra
2051 2769 2427 2819 memora·
2497 2788 2506 2791 e
2628 2775 2634 2789 ·

222 2862 389 2922 tum
438 2850 929 2924 'Conuentum
997 2846 1371 2924 Ecclesiae
1440 2849 1992 2928 cruciferorum
2028 2904 2050 2943 ‚
2138 2849 2231 2924 ad
2293 2876 2422 2945 ea,

223 2979 423 3058 quae
461 2955 539 3029 in
578 2955 794 3031 dictis
831 2954 1061 3051 literis
1100 2956 1361 3032 vestris
1401 2956 1992 3055 proclamatoriis
2031 2956 2428 3052 continen-

221 3074 397 3151 tur,
430 3086 994 3168 ‘responsurum
1031 3088 1120 3138 ac
1162 3060 1259 3136 dc
1308 3060 1594 3139 iudicio
1629 3062 1944 3138 duarum
1995 3088 2426 3141 marcarum

220 3167 554 3247 vobis-et
585 3169 816 3273 parti,
871 3187 946 3245 et
988 3172 1200 3243 vnius
1241 3191 1538 3244 marcae
1575 3196 1662 3246 ac
1707 3166 2006 3253 centum
2047 3186 2124 3244 et
2172 3169 2425 3273 trigin-

223 3289 297 3348 ta
354 3276 576 3351 trium
627 3273 1109 3352 denariorum
1180 3275 1373 3379 parti
1445 3275 1805 3369 aduersae
1867 3275 2425 3354 satisfacturum

215 3378 315 3455 ad
359 3401 660 3457 octauas
695 3384 863 3457 festi
896 3384 1094 3461 beati
1133 3380 1402 3457 Jaeobi
1445 3384 1788 3487 Apostoli
1834 3411 2035 3460 nunc
2077 3383 2420 3476 venturi,

213 3488 299 3563 in
333 3507 621 3564 vestrae
654 3490 1250 3592 Magnificentiae
1303 3494 1792 3591 praesentiam
1823 3487 2127 3594 publice
2162 3507 2239 3566 et
2275 3517 2422 3564 ma·-

214 3594 526 3688 nifeste,
583 3598 824 3700 palam
864 3598 1216 3673 fecissent
1257 3597 1740 3699 procla'mari3
1796 3595 2236 3672 insinuando
2283 3595 2424 3670 ibi-

215 3701 394 3776 dem
427 3700 728 3798 iisdem,
787 3722 865 3779 vt
924 3707 984 3780 si
1033 3700 1411 3797 venerint,
1468 3723 1548 3780 et
1600 3704 1693 3781 de
1756 3704 1969 3780 dictis
2024 3703 2418 3802 Judiciciis

210 3809 433 3884 vobis
471 3828 549 3885 et
599 3813 790 3915 parti
826 3809 1183 3885 aduersae
1234 3809 1776 3900 satisfecerint,
1827 3810 2022 3887 bene
2069 3810 2422 3912 quidem3

206 3915 550 4016 alioquin
585 3908 1119 3994 nonobstante
1161 3918 1498 4021 ipsorum
1560 3919 1887 3995 absentia
1944 3936 2021 3994 et
2069 3918 2422 3994 rebellio-

208 4048 334 4112 ne,
367 4024 595 4103 finem
626 4024 965 4101 debitum
1003 4042 1075 4098 et
1100 4023 1485 4099 indilatum
1522 4024 1806 4101 facietis
1826 4027 1913 4100 'in
1949 4052 2167 4102 causa
2206 4050 2416 4129 prae·

205 4132 468 4229 missa,
523 4148 754 4237 prout.
788 4130 1183 4210 dictauerit
1229 4123 1423 4211 ordo
1457 4132 1505 4206 J
1512 4133 1678 4212 uris.
1732 4135 2004 4211 Datum
2042 4151 2254 4211 sexto
2296 4131 2420 4210 die
2489 4154 2492 4161 Α
