2926 4849
798 516 951 585 820

690 721 1270 828 annulatamque
1303 723 1835 819 reddidissent,
1884 741 1967 799 ,et
2005 725 2570 815 commisissent,
2616 737 2767 823 atque

688 831 911 904 etiam
956 857 1095 934 per
1150 834 1392 907 omnia
1432 833 1713 907 viribus
1751 834 2138 906 carituram
2185 829 2615 905 Monasterio
2650 824 2768 902 red·

690 933 1036 1011 diderunt
1059 993 1079 1027 ‚
1134 956 1210 1013 et
1245 942 1775 1015 commiserunt
1812 940 2170 1033 JoanueS,
2226 955 2302 1012 et
2333 935 2650 1012 Nicolaus
2683 961 2767 1005 an·

691 1041 992 1129 tedicti,
1051 1044 1325 1144 quibus
1361 1071 1581 1145 supra
1619 1043 2086 1136 nominibus,
2142 1044 2379 1120 nostri
2420 1047 2489 1117 in
2530 1065 2768 1146 praese&

689 1150 785 1220 tia
815 1149 901 1223 iis
944 1149 1297 1224 duntaxat
1337 1151 1692 1227 Clausulis
1715 1209 1739 1242 ‚
1775 1168 1853 1226 et
1884 1153 2209 1226 articulis
2251 1147 2767 1255 praesriptisRe·

685 1254 1086 1356 galibusin
1133 1259 1432 1333 Litteris
1477 1259 1843 1339 contentis
1882 1256 2100 1331 saluis
2156 1254 2683 1333 remanentibus.
2716 1254 2761 1324 In

683 1361 897 1441 ,cuius
917 1365 1030 1438 rei
1065 1368 1522 1457 memoriam,
1561 1363 2135 1468 firmitatemque
2172 1382 2597 1469 perpetuam
2624 1382 2753 1465 prae-

685 1487 928 1543 sentes
978 1489 1262 1545 nostras
1320 1471 1636 1544 Litteras
1692 1475 2141 1573 appensione
2198 1470 2590 1546 authentici
2634 1461 2751 1566 sigilli

683 1577 916 1648 nostri
954 1577 1458 1653 Communitas
1492 1566 1961 1669 Venerabili,
2000 1603 2087 1673 ac
2125 1579 2478 1679 religioso
2522 1576 2653 1647 viro
2682 1570 2757 1643 Do

679 1682 884 1755 mino
922 1681 1153 1758 Fratri
1196 1682 1524 1759 Mat-tino
1592 1684 1965 1761 moderno
2037 1684 2392 1760 videlicet
2444 1677 2760 1782 Praeposito

681 1787 1068 1890 praelibati
1129 1789 1559 1865 Monasterii
1614 1790 1691 1863 B.
1766 1789 1870 1865 M.
1949 1789 2046 1865 V.
2116 1808 2192 1864 et
2249 1787 2640 1893 supradicto
2679 1802 2755 1854 suo

683 1894 1104 1970 Conuentui
1140 1896 1486 1971 duximus
1529 1895 2068 1972 concedenda&
2127 1900 2407 1973 Datum
2448 1913 2667 1968 octauo
2687 1885 2757 1957 die

680 2000 872 2074 Festi
928 2002 1516 2078 annunciationis
1574 2003 1661 2078 B.
1722 2005 1823 2079 M.
1884 2004 1973 2078 V.
2033 2006 2257 2081 Anno
2316 2001 2602 2079 Domini
2647 1994 2750 2069 Μή)

684 2106 1255 2184 CDXXXVI-o.

766 2240 855 2299 Ex
886 2232 1186 2303 Processu
1235 2239 1541 2303 Urbariali
1572 2238 2221 2327 Vag-Ujhelyiensium
2273 2236 2607 2303 transumit
2630 2228 2750 2291 Geor·

874 2345 1007 2430 gius
1040 2343 1455 2435 Gyurikovits.

1698 2508 1853 2585 CD.

685 2654 988 2707 comnotus
1028 2647 1280 2702 Albania
1308 2650 1733 2721 inquisitor-iae.
1769 2652 1840 2706 A.
1878 2649 2037 2708 1436.

872 2763 1095 2837 Anno
1139 2762 1712 2862 MCDXXXVI.
1785 2765 2206 2844 Relatoriae
2267 2768 2634 2845 Comitatus
2665 2750 2742 2834 Al·
2806 2809 2807 2858 l

682 2869 931 2946 bensis
971 2895 1196 2972 super
1242 2869 1720 2969 inquisitione
1777 2898 1919 2976 pro
1975 2892 2183 2979 parte
2240 2875 2621 2967 Francisci,
2668 2859 2744 2940 filii

682 2976 1030 3078 Gregorii
1062 2975 1155 3050 de
1198 2975 1487 3070 Fanch,
1544 3003 1629 3052 ac
1668 2977 1955 3054 Joanne
2012 2980 2303 3057 Cat-nali
2361 2983 2613 3068 fratre,
2662 2991 2743 3045 nec

681 3112 833 3162 non
873 3081 1273 3177 Michaele,
1329 3082 1482 3157 filio
1520 3083 1724 3159 Pauli
1763 3086 1856 3160 de
1889 3087 1948 3160 F
1951 3086 2139 3162 anch
2180 3105 2579 3192 praetacta,
2622 3104 2743 3155 σοῦ’
2804 3133 2805 3156 1

680 3210 792 3297 tra
815 3186 1272 3294 Stephanum
1293 3188 1385 3265 de
1410 3190 1825 3289 Koroncza,
1853 3192 2114 3298 viginti
2151 3197 2470 3297 pecudes
2489 3222 2567 3271 ex
2582 3176 2740 3265 Fanch

681 3298 958 3378 auferri
993 3296 1406 3372 facientem.

761 3428 851 3488 Ex
887 3422 1037 3518 eoll.
1079 3421 1369 3486 eiusdem.

1673 3567 1870 3644 CDL

675 3709 995 3780 Capitulum
1019 3706 1232 3764 rama.
1267 3708 1332 3760 do
1356 3707 1614 3779 capitulo
1652 3710 2037 3781 strigoniensi
2067 3714 2229 3766 trina
2250 3710 2726 3784 praelautum-⁰·

866 3815 1025 3866 caco,
1051 3795 1249 3871 rosere.
1287 3802 1356 3854 A.
1397 3799 1553 3855 1436-

868 3920 1356 3996 Serenissimo
1403 3917 1730 4020 Principi
1773 3920 2100 3996 Domino
2144 3915 2608 4026 sigismundo,
2644 3896 2727 3979 l)ei
2800 3919 2801 3980 l

675 4030 904 4134 gratia
929 4084 949 4120 ‚
1005 4029 1514 4103 Romanorum
1556 4024 1990 4125 Imperatori
2028 4055 2320 4134 semper
2354 4026 2726 4129 Augusto.¹⁶
2800 4035 2801 4052 ¹

674 4140 1141 4236 Hungariae,
1190 4129 1579 4209 Bohemiae
1604 4186 1625 4223 ‚
1673 4132 2115 4228 Dalmatiae,
2151 4140 2472 4213 Croatiae
2507 4118 2720 4236 etc-ll&

670 4249 782 4349 gi,
837 4241 1168 4321 Domino
1206 4240 1537 4344 ipsorum
1579 4239 1939 4334 naturali,
1994 4243 2406 4349 Capitulum
2459 4229 2719 4316 Ecclane
