2926 4849
675 526 823 598 326

1395 755 1403 763 '
1526 735 1763 811 CXII.

561 900 710 954 Idem
738 900 1130 972 Sigismundeu
1170 899 1410 955 Paulum
1443 903 1509 955 de
1543 901 1806 955 nachao
1843 900 1914 958 ab
1954 898 2179 954 actibus
2203 893 2583 968 potentiori&
2621 897 2731 950 ad·-

746 1031 943 1068 ucnus
969 1015 1036 1067 A.
1057 1013 1407 1085 Episcopum
1439 1011 1909 1086 salisburgensem
1945 1009 2167 1069 inhibet,
2205 997 2282 1061 ‘ad
2307 1021 2541 1061 causam
2568 999 2730 1060 sicam

741 1123 1018 1175 medianto
1055 1124 1283 1177 iustitia
1326 1121 1694 1194 quaerendam
1732 1105 1955 1192 iniciat,
1995 1118 2097 1172 sub
2120 1134 2313 1188 poena
2344 1111 2734 1183 infidelitatis.

741 1199 1651 1282 ,1:1431.·
2372 1217 2381 1236 ³

744 1359 1255 1464 sigismundus
1297 1363 1442 1437 Dei
1487 1362 1715 1466 gratia
1741 1315 2255 1436 Romanorum
2304 1353 2478 1433 Rex
2534 1382 2740 1431 sem-

551 1495 693 1575 per
747 1473 1119 1572 Augustus
1178 1493 1265 1543 ac
1322 1469 1737 1569 Hungaiie‚
1831 1468 2281 1553 Bobemie,.
2317 1462 2757 1558 Dalmacie„

555 1576 904 1668 cruneio,
959 1592 1100 1649 etc.
1139 1577 1332 1652 Rex.
1390 1573 1627 1650 Fideli
1662 1590 1918 1649 nostro
1929 1571 2279 1677 Egi-egio
2325 1570 2600 1647 Comiti
2639 1566 2753 1664 dc,

459 1743 470 1758 ,
556 1678 924 1757 Frachtno
962 1682 1294 1757 Salutem
1346 1698 1425 1757 et
1467 1682 1829 1784 gratiam.
1859 1677 2010 1755 Sua
2059 1679 2271 1754 nobis
2336 1680 2736 1752 Reueren-
2830 1767 2841 1776 Ο

552 1787 884 1865 dissimus
922 1788 1140 1862 Pater
1175 1769 1516 1861 dominus
1549 1787 1596 1859 J
1601 1786 1921 1874 ohannes
1974 1785 2440 1890 Archieppus
2487 1781 2731 1856 Salcz-

551 1893 694 1969 bun
691 1917 941 1996 gensis
978 1893 1483 1971 insinuacione
1530 1895 1966 1986 monstrauit
2019 1891 2344 1989 qualiter
2380 1867 2747 1995 Magnifi-·

549 2025 717 2075 cum
752 1998 1162 2086 Marsilium
1196 2000 1292 2075 de
1335 2001 1676 2076 Carraria
1718 1997 2108 2075 nonnullas
2147 1998 2511 2088 actiones,
2545 2020 2748 2098 quas,

546 2106 685 2182 sibi
758 2105 1108 2190 aduersus
1162 2107 1403 2210 ipsum
1470 2106 2151 2210 Archiepiscopum
2178 2121 2262 2180 et
2320 2104 2724 2182 Ecclesiam

548 2195 1247 2311 salczburgensem,
1303 2212 1434 2288 de
1452 2231 1530 2288 et
1574 2239 1831 2316 super
1850 2209 2178 2335 quodam
2222 2211 2495 2308 Castro
2539 2207 2728 2284 Gla-

545 2319 781 2420 negk,
839 2335 1062 2419 atque
1103 2317 1317 2394 Muta
1356 2318 1447 2393 ad
1471 2336 1800 2393 sanctum
1840 2319 2151 2393 Vitum
2132 2346 2210 2392 ιιι
2259 2317 2549 2391 Ducatu
2594 2315 2732 2391 Ca·

421 2449 432 2453 ’
547 2426 864 2500 rinthiae
909 2430 1298 2517 situatum,
1355 2446 1435 2503 vt
1472 2423 1891 2521 huiusmodi
1946 2427 2333 2523 occasione
2387 2441 2722 2527 praeten-

549 2529 772 2606 debat
812 2550 1262 2634 competere,
1306 2534 1440 2610 tibi
1478 2531 1759 2607 dudum
1796 2549 1961 2607 ante
1996 2558 2244 2609 annos
2263 2528 2517 2606 decem
2545 2556 2723 2631 prof
2790 2602 2793 2607 .

548 2639 745 2712 xime
788 2639 1073 2742 elapsos
1117 2643 1437 2733 cessisse,
1493 2665 1788 2715 asseras.
1843 2640 1937 2712 Et
1967 2655 2363 2742 propterea
2402 2635 2727 2733 eundem

546 2738 1207 2848 Archiepiscopum
1248 2748 1419 2822 alias
1454 2773 1591 2850 per
1635 2765 1834 2821 certa
1869 2759 2005 2821 tua
2031 2747 2375 2847 scripta,
2380 2762 2457 2820 vt
2491 2740 2586 2817 de
2625 2743 2747 2825 il-,

548 2848 639 2923 lis
678 2848 1247 2927 satisfactionem
1290 2854 1428 2929 tibi
1473 2850 1984 2958 impenderet,
2024 2852 2584 2952 requisiueri8‚
2596 2851 2729 2925 tali

545 2960 1148 3032 comminacione
1201 2959 1595 3052 adiuncta,
1692 2956 1895 3059 quod
1964 2961 2135 3034 nisi
2177 2954 2434 3033 eadem
2474 2930 2732 3051 ‚fieret

544 3046 1002 3155 satisfaccio,
1052 3082 1129 3138 tu
1174 3066 1489 3172 dampna
1521 3064 1941 3141 huiusmodi
1968 3062 2307 3168 perdere
2330 3089 2478 3143 nou
2523 3065 2723 3141 vaie-

542 3193 684 3245 res·
744 3167 978 3271 Simili
1013 3171 1236 3269 modo
1267 3172 1610 3279 prefatus
1670 3171 2037 3246 Marsilius
2098 3169 2381 3246 dictum
2444 3170 2757 3270 Archi-‚

543 3280 1009 3379 episcopum,
1067 3276 1241 3355 dum
1285 3307 1481 3355 anno
1535 3278 1910 3383 preterito
1946 3277 2140 3381 apud
2196 3276 2593 3357 Posonium
2644 3281 2751 3383 in¹

539 3402 790 3459 nostre
833 3384 1226 3483 Maiestatis
1256 3388 1465 3462 curia
1512 3388 1930 3487 consitutus
1953 3386 2349 3477 existeret,
2400 3410 2557 3487 pro
2591 3410 2729 3461 sa-

538 3489 943 3585 tisfactione
1019 3490 1322 3568 sibimet
1387 3490 1721 3569 Marsilio
1795 3488 1889 3563 de
1953 3492 2326 3594 premissis
2421 3487 2729 3567 facien-

536 3593 629 3669 da
681 3598 1077 3700 requisisse
1153 3596 1485 3675 dicitur·
1467 3629 1489 3693 3
1577 3622 1841 3700 super
1873 3595 2143 3700 quibus
2224 3597 2729 3698 quidem‚1·e-

535 3704 1051 3804 quisitionibus
1123 3703 1362 3782 dictus
1422 3703 2055 3805 Archiepiscopus
2120 3703 2411 3808 prefato
2476 3706 2723 3782 Mar·-

527 3809 691 3881 silio
748 3808 983 3883 verbo
1067 3829 1140 3885 et
1208 3812 1340 3886 tibi
1405 3810 1694 3914 scriptis
1772 3812 1847 3883 in
1910 3810 2175 3886 effectu
2238 3836 2317 3884 se
2376 3836 2495 3884 res
2553 3837 2714 3885 on-

523 3911 714 3988 disse
776 3912 1073 4009 asserit,
1170 3916 1488 4021 qualiter
1542 3943 1679 3992 nec
1739 3934 2098 4008 castrum,
2175 3943 2421 4020 neque
2587 3934 2726 3993 uta

518 4018 810 4123 prefate
861 4047 1179 4125 vnquam
1235 4026 1320 4098 in
1363 4052 1490 4102 sua
1553 4023 1671 4098 vel
1726 4022 2338 4125 predecessorum
2401 4048 2725 4100 suorum

518 4150 650 4201 seu
705 4126 1058 4203 Ecclesie
1109 4130 1439 4232 predicte
1499 4146 1858 4236 potestate
1919 4128 2275 4215 fuerint
2219 4185 2244 4225 ‚
2341 4129 2723 4234 quodque
