2926 4849
2100 528 2248 597 273
2351 539 2365 547 ”

171 741 326 818 que
373 715 782 822 Capellam,
835 719 1046 802 iuxta
1077 737 1406 802 nostram
1453 723 1881 805 facultatem
1921 728 2224 829 dotare,
2277 737 2357 814 in

166 820 581 925 cademque
617 821 690 898 di
750 826 1051 903 nitatem
1093 834 1797 933 praeposituralem,
1830 862 2009 916 cum
2038 862 2362 945 quatuor

167 926 628 1033 capellanis,
759 931 1153 1037 lericisque
1219 937 1312 1016 ad
1365 937 1773 1019 Missarum'
1816 945 2175 1024 solemnia
2216 947 2360 1025 de-

167 1036 533 1112 cantanda
569 1040 1096 1132 sufficientibus
1122 1093 1145 1134 ,
1199 1042 1534 1120 ordinari
1570 1043 1918 1144 fecimus,
1972 1073 2050 1131 et
2081 1053 2358 1133 funda-

167 1142 227 1216 ri
270 1140 419 1216 sibi
475 1161 553 1221 et
606 1140 1173 1249 capellanorum
1230 1157 1792 1251 sustentationi,
1845 1157 2169 1264 aliisque·
2213 1190 2357 1239 ne·-

163 1249 498 1325 cessariis
540 1277 677 1354 per
710 1277 842 1328 eos
886 1252 1414 1359 supportandis
1449 1260 1813 1340 oneribus
1845 1268 2214 1344 sufficiens
2247 1307 2353 1336 ——w

161 1351 858 1436 Archidiaconatum
906 1361 1575 1466 Zempliniensem,
1630 1394 1856 1446 vnum
1912 1396 2003 1446 ex
2053 1375 2355 1477 praedi-

161 1461 295 1538 ctis
331 1461 598 1563 decem
633 1463 1367 1546 Archidiaconatibus
1407 1474 1787 1575 praefatae
1824 1479 2181 1580 ecclesiae
2218 1499 2358 1558 no'-

163 1583 360 1648 strae
397 1596 537 1673 per
575 1570 862 1648 obitum
905 1573 1285 1674 quondam
1327 1576 1632 1659 Domini
1670 1579 1863 1658 Petri
1922 1582 2017 1658 de
2042 1588 2360 1684 Zerech,

158 1674 389 1778 ipsius
418 1675 1077 1766 Archidiaconatus
1097 1681 1665 1786 Zemplnniensis
1703 1688 2109 1767 immediati
2144 1713 2221 1770 et
2254 1694 2358 1770 le-

162 1783 403 1883 gitimi
459 1787 900 1885 possessoris
941 1841 965 1881 ,
1039 1814 1284 1892 nuper
1333 1806 1547 1865 extra
1606 1793 1892 1871 curiam
1947 1798 2360 1878 Romanam

157 1888 539 1984 defuncti,
593 1889 689 1967 de
743 1893 906 1968 iure
961 1892 1178 1973 etde
1226 1894 1460 1976 facto„
1490 1920 1841 1995 vacante,
1895 1929 2067 1979 cum
2116 1910 2403 1984 consi--v

156 1994 293 2090 lio,
358 2022 721 2074 consensu
774 2016 852 2074 et
887 2017 1183 2076 assensu
1241 2001 1558 2077 fratrmn
1598 2024 2024 2086 nostrorum
2066 2009 2163 2089 de
2206 2011 2359 2089 Ca·-

154 2095 671 2205 pitulo-dictae
725 2104 1099 2183 Ecclesiae
1130 2105 1507 2209 Agriensis
1547 2111 1637 2186 ad
1681 2107 1763 2187 id'
1795 2114 2122 2217 legitime
2154 2119 2357 2199 facto

154 2208 746 2305 interueniente,
801 2213 1177 2317 praefatae
1226 2212 1572 2317 Capellae
1618 2219 1851 2314 vniri,
1902 2240 1984 2300 et
2015 2229 2355 2317 annecti,

149 2316 386 2417 ipsam
425 2312 1085 2397 archidiaconalem
1129 2316 1570 2422 dignitatem
1609 2320 2062 2421 huiusmodi,
2120 2334 2197 2408 in
2237 2334 2349 2408 di·

151 2440 260 2498 cta
313 2421 632 2500 ecclesia
687 2442 982 2520 nostra,
1042 2456 1177 2528 per
1220 2429 1537 2531 amplius
1575 2435 1941 2537 supprimi
1996 2458 2074 2514 et
2107 2446 2350 2517 extin·
2451 2502 2459 2511 f

152 2531 317 2635 qui,
380 2557 469 2605 ac
508 2530 585 2606 in
620 2534 1190 2638 praepositalem
1232 2531 1666 2639 dignitatem
1714 2540 1960 2620 dictae
2005 2544 2349 2652 Capellae

151 2635 579 2731 transferri,
635 2654 712 2714 et
766 2640 1202 2726 commutari
1260 2639 1661 2731 voluimus:
1731 2647 1898 2725 lmo
1944 2658 2350 2757 supprimi-

148 2768 355 2839 mus,
412 2744 916 2849 extinquimus
955 2764 1034 2824 et
1069 2745 1580 2826 transferimus
1631 2768 1710 2826 et
1758 2778 2343 2857 commutamus;

149 2869 220 2927 et
262 2848 481 2955 quod
528 2851 1046 2959 Praepositum
1085 2851 1412 2954 praefata
1441 2854 1530 2929 Β.
1577 2854 1860 2937 Mariae
1900 2862 2228 2966 Virginis
2262 2887 2357 2944 et-

147 2955 340 3039 illius
374 2955 875 3061 Praepositus,
928 2986 1071 3064 pro
1114 2979 1454 3062 tempore
1489 2966 1949 3062 constitutus,
2005 2975 2339 3052 eiusdem

144 3062 226 3138 B.
253 3063 543 3140 Mariae
585 3063 910 3171 Virginis
954 3067 1424 3170 Praepositus
1461 3068 1540 3142 in
1589 3069 1788 3149 dicta
1823 3074 2148 3154 Ecclesia
2181 3108 2345 3158 no-
2444 3164 2449 3171 ,

142 3168 679 3277 sti’a.Agriensi
725 3191 1294 3275 nuncupentur,
1346 3189 1424 3250 et
1456 3172 1893 3255 habeanturt
1963 3183 2334 3292 Idemque

142 3274 610 3382 praepositus
649 3278 1065 3355 Canonicus
1097 3278 1339 3356 dictae
1380 3282 1754 3363 Ecclesiae
1790 3290 2333 3390 praebendatus

140 3386 444 3477 existat,
497 3410 586 3461 ac
628 3382 726 3461 de
764 3388 1053 3489 gremio
1084 3383 1405 3464 fratrum
1438 3408 1865 3470 nostrorum
1899 3397 1993 3472 de
2031 3401 2329 3504 Capitu-

139 3488 209 3562 lo
265 3488 516 3566 dictae
565 3489 939 3581 Ecclesiae
983 3493 1365 3594 Agriensis
1405 3494 1484 3570 in
1509 3526 1513 3545 =
1543 3495 1872 3599 ciusdem
1924 3505 2009 3579 Β.
2043 3507 2323 3584 Mariae

145 3594 474 3701 Virginis
512 3599 1019 3703 Praepositum
1055 3599 1191 3676 bac
1226 3605 1461 3705 prima
1498 3604 1698 3697 vice,
1752 3625 1830 3682 et
1881 3630 2162 3688 extunc
2195 3630 2324 3708 to·-

139 3704 267 3780 ties
398 3705 638 3781 uoties
692 3708 1272 3811 praeposituram
1324 3711 1555 3812 ipsam
1602 3722 2320 3823 vacarecontingat,
2376 3736 2383 3747 ‘

143 3836 275 3912 per
382 3815 606 3886 ‘ctum
672 3812 1097 3916 Capitulum
1145 3817 1500 3892 canonice
1559 3834 1634 3894 et
1681 3820 2089 3900 secundum
2139 3830 2320 3904 iuris

139 3914 1042 4016 ordinem-assummatur,
1097 3922 1557 4023 eteligatur,
1613 3927 1819 4001 etsie
1862 3927 2142 4008 electus
2177 3962 2318 4038 per

143 4049 269 4100 nos
299 4042 383 4101 et
417 4050 559 4126 per
592 4044 887 4101 nostros
918 4053 1379 4104 successores
1407 4027 1815 4134 Episcopos
1850 4064 1988 4136 pro
2026 4057 2342 4143 tempo-·
2472 4108 2477 4115 ,

144 4155 219 4205 re
267 4132 711 4224 existentes,
762 4131 1219 4235 inciusdem
1272 4135 1673 4211 B..Mariae
1723 4140 2038 4243 Virginis
2087 4147 2344 4224 Prae·-

147 4238 470 4339 positum
503 4237 1010 4333 confirmetur.
1066 4240 1379 4347 Quique.
1416 4245 1874 4348 praepositus
1908 4251 1995 4338 Β.
2032 4254 2129 4327 Μ.
2155 4252 2319 4329 vin·-

240 4341 459 4422 Tom.
496 4345 594 4422 Χ.
628 4342 814 4427 vot
845 4344 1010 4423 vn.
1843 4367 1935 4434 ¹8
