2926 4849
2086 433 2158 551 ‘s
2167 451 2266 551 ⁷³

170 679 675 789 praesentium
744 679 1125 761 literarum
1178 698 1611 762 nostrarum
1654 682 1822 766 *suis
1871 683 2378 795 appropriatis

168 790 555 866 coloribus
606 807 767 867 arte
808 791 1124 895 pictoria
1176 790 1515 893 figurata,
1571 790 1992 898 designata,
2044 796 2210 895 siue
2234 793 2377 871 ‚de-
2441 821 2445 838 ¹

167 898 374 1001 picta
411 907 607 992 sunt,
661 899 911 974 animo
951 896 1364 975 deliberato
1398 918 1478 975 et
1514 925 1609 975 ex
1648 914 1856 976 certa
1896 915 2198 982 nostrae
2213 899 2376 975 Ma·-

168 1001 450 1080 iestatis
482 1003 890 1095 sententia,
941 1003 1286 1082 dedimus
1320 1021 1400 1081 et
1423 1006 1921 1096 contulimus,
1976 1033 2065 1083 ac
2108 1006 2377 1086 exab-

169 1108 603 1189 undantiori
642 1108 1110 1217 plenitudine
1137 1121 1436 1189 'nostrae
1474 1112 1811 1217 specialis
1859 1115 2139 1218 gratiae
2177 1141 2378 1198 con.-

169 1214 508 1294 cedimus
555 1232 635 1294 et
671 1215 1184 1324 praesentibus
1220 1219 1648 1323 elargimur,
1686 1237 1951 1298 srvos
1992 1224 2375 1327 vestrique

169 1320 532 1401 haeredes
578 1342 656 1401 et
715 1324 1186 1434 posteritates
1245 1327 1651 1402 Vniuersa&
1693 1345 2071 1431 praetacta
2121 1355 2374 1436 ιιι-ωε,

169 1453 303 1527 seu
336 1430 744 1508 nobilitatis
779 1429 1092 1534 insignia
1125 1457 1339 1509 more
1380 1433 1695 1509 aliorum
1741 1437 1972 1509 armis
2013 1437 2376 1511 vtentium

169 1565 218 1612 a
264 1531 491 1614 modo
533 1539 609 1612 in
649 1554 864 1613 antea
900 1535 1185 1639 ‘vbique
1213 1541 1288 1611 in
1334 1539 1679 1645 praeliis»,
1732 1537 2181 1634 hastiludiis,
2234 1542 2376 1618 du·

171 1644 376 1735 ellis,
430 1646 1004 1736 torneamentis»,
1060 1663 1140 1724 et
1201 1643 1357 1721 aliis
1414 1643 1761 1721 omnibus
1820 1648 2196 1723 exercitiis
2244 1675 2375 1727 no·
2446 1674 2454 1682 ·

168 1749 445 1827 bilibus
496 1769 573 1827 et
623 1749 1108 1844 militaribus»,
1169 1776 1309 1828 nec
1344 1775 1496 1827 non
1538 1753 1615 1827 in
1673 1752 1962 1858 sigillis,
2017 1752 2370 1848 armillis,

169 1859 520 1950 cortinis,
572 1857 798 1953 velis,
855 1858 1362 1963 papilionibus
1400 1859 1558 1936 siue
1604 1864 1979 1952 tentoriis,
2034 1878 2112 1936 et
2144 1887 2375 1966 gene·

166 1964 454 2041 taliter'
494 1967 572 2041 iu
627 1964 1145 2068 quarumlibet
1187 1965 1442 2042 rerum
1503 1985 1577 2041 et
1628 1967 2186 2067 expeditionum
2228 1995 2377 2072 ge·-

167 2072 519 2162 neribus,
577 2073 719 2149 sub
753 2098 1008 2152 merae
1041 2091 1120 2149 et
1157 2071 1496 2149 sincerae
1537 2071 1944 2152 nobilitatis
1994 2073 2211 2152 titulo
2250 2095 2379 2179 ge-'

162 2197 411 2272 stare,
463 2206 550 2255 ac
595 2179 943 2257 omnibus
995 2196 1077 2255 et
1127 2179 1434 2282 singulis
1480 2181 1775 2284 gratiis,
1832 2180 2243 2259 honoribus
2294 2198 2375 2258 et
2449 2252 2455 2257 .

166 2285 668 2381 libertatibus,
723 2286 1003 2392 quibus
1021 2291 1298 2364 caeteri
1332 2286 1625 2365 nobiles
1668 2288 2092 2394 militesque
2134 2302 2213 2363 et
2243 2287 2374 2364 oli·

163 2412 380 2470 entes
414 2394 624 2497 regni
664 2398 924 2472 nostri>
957 2407 1247 2499 vtentes
1284 2389 1901 2497 quomodolibet,
1955 2411 2372 2471 consuetu-
2477 2485 2492 2511 x

165 2498 349 2576 dine
409 2504 528 2576 vel
580 2499 678 2579 de
717 2504 880 2578 iure
930 2502 1102 2580 freti
1163 2519 1404 2597 sunt,-‹
1445 2520 1525 2579 et
1571 2504 1844 2607 ganisi,
1901 2502 2231 2604 gaudere
2288 2498 2370 2579 et

165 2608 325 2686 frui
369 2608 666 2684 valeatis
680 2653 733 2702 ,ι
757 2629 983 2711 atque
1017 2612 1350 2714 possitis,
1406 2608 1502 2684 de
1541 2612 1817 2710 talique
1856 2609 2250 2712 singularis
2291 2625 2375 2686 et
2452 2612 2463 2629 ¹

163 2714 508 2822 specialis
548 2718 817 2819 gratiae
841 2719 1193 2796 ‘antidoto
1231 2716 1507 2794 merito
1549 2712 1976 2805 exsultetis,
2035 2741 2122 2790 ac
2160 2731 2369 2795 tanto

164 2822 799 2925 amplioriqstudio
843 2823 938 2899 ad
984 2824 1350 2901 honorem
1400 2812 1795 2899 Caesareae
1839 2840 2069 2927 atque
2118 2823 2367 2926 regiae

165 2928 577 3005 Maiestatis
617 2946 862 3004 vestra
900 2933 972 3005 in
1014 2953 1230 3006 antea
1265 2926 1630 3006 solidetur
1665 2930 1980 3005 intentio
2005 2983 2024 3020 ,
2079 2938 2369 3032 qu'auto

162 3053 306 3115 vos
359 3036 706 3139 ampliori
762 3035 1122 3115 Caesareo
1176 3063 1265 3112 ac
1297 3037 1533 3139 -regio
1591 3033 1852 3111 fauore
1919 3052 2368 3138 praeuentos

158 3145 589 3246 conspicitis
642 3159 722 3221 et
771 3170 1085 3222 munere
1136 3143 1565 3247 gratiarum.
1653 3143 1739 3217 In
1785 3143 1996 3217 cuius
2049 3145 2158 3216 rei
2199 3166 2373 3216 me·-

159 3253 489 3326 moriam
527 3268 971 3355 perpetuam
993 3306 1016 3347 ,
1070 3267 1498 3357 praesentes
1551 3245 1800 3324 literas
1844 3264 2135 3324 nostras
2171 3244 2370 3350 sigil-

157 3357 246 3433 lo
295 3374 555 3434 nostro
604 3378 940 3454 secrete,
996 3382 1152 3462 quo
1207 3376 1286 3434 vt
1347 3380 1485 3434 rex
1548 3355 1974 3461 Hungariae
2034 3358 2366 3457 vtimuu,

159 3462 635 3567 impendenti
667 3469 1157 3543 communitas
1191 3465 1408 3547 vobis
1440 3461 1786 3539 duximus
1818 3458 2362 3540 concedendas.

160 3570 452 3647 Datum
487 3569 943 3675 Ratisponae
970 3629 991 3668 ,
1047 3575 1369 3650 Ciuitate
1422 3588 1674 3647 nostra
1708 3568 2075 3685 imperiali
2117 3573 2191 3643 in
2241 3563 2367 3640 se·-

158 3683 301 3753 sto'
325 3680 531 3753 Beati
589 3676 975 3755 Michaelis
1005 3677 1471 3784 Archangeli.
1549 3677 1781 3753 Anno
1826 3676 2131 3752 Domini
2192 3672 2367 3747 Mil-

156 3784 468 3880 lesimo,
522 3784 1257 3892 quadringentesimo
1303 3787 1691 3861 tricesimo
1734 3800 2047 3889 quarte,
2102 3804 2366 3882 regno-

157 3918 340 3967 rum
378 3909 803 3968 nostrorum
863 3920 1059 3968 anno
1105 3893 1532 3993 Hungariae
1586 3909 1728 3967 etc.
1793 3887 2364 3992 quadragesimo

158 4017 483 4090 octauo,
553 4001 1077 4099 Romanorum
1142 4000 1504 4102 vigesimo
1563 3998 1874 4100 quinto,
1962 3993 2362 4071 Bohemiae

157 4107 435 4211 quinto
482 4104 777 4185 decimo
799 4160 824 4202 ,
849 4138 850 4141 ¹
879 4104 1184 4215 Imperii
1220 4130 1410 4186 sero
1453 4101 1862 4182 secundo.“
1972 4108 1981 4117 ’

183 4252 192 4261 ·
249 4240 340 4302 Ex
378 4234 674 4322 originali.
983 4268 1012 4275 ··
1470 4236 1477 4241 ’
