2926 4849
2134 509 2287 584 603

1053 719 1115 795 s
1122 718 1541 796 CLXXIX.

198 840 518 912 Capitulum
544 838 754 910 &opus
786 840 1179 896 donacionales
1224 841 1544 895 Gonueneui
1599 840 1662 894 de
1706 840 2008 895 Schawnik
2036 860 2092 896 α.
2145 840 2303 896 1204.
2336 855 2390 894 ee

400 930 555 1005 1³26·
586 945 934 1001 “mamas
954 972 982 999 ,.
1018 935 1098 987 ad
1128 933 1406 988 cautelam
1441 931 1726 986 rescribit.
1757 932 1824 986 A.
1868 931 2029 988 1434.

396 1042 552 1116 Nos
595 1042 1020 1144 Capitulum
1060 1041 1434 1119 Ecclesiae
1473 1041 1687 1117 Beati
1737 1039 2034 1117 Martini
2071 1039 2168 1115 de
2206 1038 2387 1115 Sce-

197 1175 340 1256 pus
380 1146 785 1224 Memoriae
826 1147 1435 1225 commendantes
1487 1166 1749 1223 tenore
1779 1150 2271 1251 praesentium
2297 1147 2390 1222 si·

199 1253 635 1359 gnificamus
682 1254 956 1359 quibus
1006 1257 1312 1358 expedit
1361 1257 1766 1331 vniuersis.
1822 1252 2044 1346 Quod
2091 1279 2394 1329 venera·

199 1364 374 1438 bilis
416 1382 492 1435 et
533 1362 917 1463 religiosus
951 1364 1065 1435 vir
1120 1362 1484 1437 Dominus
1514 1363 1777 1436 Frater
1806 1360 2180 1437 Ladislaus
2215 1361 2394 1433 Ab·-

202 1470 336 1544 bas
370 1467 807 1544 Monasterii
844 1468 1113 1545 Beatae
1156 1470 1436 1543 Mariae
1472 1464 1804 1572 Virginis
1842 1466 1956 1543 de
1992 1466 2270 1543 Savnik
2312 1469 2393 1543 iu

205 1573 514 1678 Scepus.
550 1575 644 1649 ad
699 1594 1026 1651 nostram
1067 1563 1584 1680 personaliter
1613 1575 1983 1654 veniendo
2030 1599 2393 1680 praesen-

203 1686 379 1757 tiam
423 1682 693 1757 nobis
674 1710 752 1756 1n
781 1705 911 1758 sua
945 1701 1022 1758 et
1057 1684 1485 1760 Conuentus
1520 1683 1636 1758 sui
1674 1684 2045 1783 personis,
2090 1676 2389 1759 ordinis

204 1789 756 1880 Cisterciensis,
811 1788 1146 1866 exhibuit
1181 1789 1395 1865 nobis
1454 1787 1810 1898 quasdam
1863 1788 2043 1864 duas
2097 1789 2389 1879 literas,

206 1895 1025 1973 Reuerendissimorum
1075 1899 1453 1990 virorum,
1538 1893 2075 1988 Dominorum,
2170 1911 2389 1984 vnam

200 2003 493 2096 Jacobi,
524 2000 776 2079 diuina
807 2007 1275 2080 miseratione
1317 2000 1667 2109 Episcopi
1696 2002 2131 2108 Scepusien.
2175 2002 2391 2077 aliam

202 2134 389 2185 vero
419 2111 721 2206 Joannis
769 2109 1176 2215 Praepositi
1231 2111 1600 2187 Ecclesiae
1660 2112 1861 2186 Beati
1928 2108 2228 2184 Martini
2289 2107 2386 2184 de
2442 2207 2445 2210 Δ

189 2217 542 2318 -Scepus,
596 2244 700 2291 ac
713 2218 1233 2293 Venerabilis
1216 2245 1291 2292 tn
1329 2216 1621 2292 Christo
1662 2219 1897 2294 Patris
1951 2233 2043 2294 et
2070 2215 2390 2290 Domini

205 2323 310 2400 B.-
355 2325 496 2397 Dei
544 2324 790 2426 gratia
836 2323 1393 2431 Archiepiscopi
1450 2322 2025 2430 strigoniensis,
2082 2323 2387 2424 locique

159 2510 166 2513 ,
208 2428 544 2506 eiusdem
585 2433 891 2507 Comitis
928 2437 1315 2537 perpetui,
1349 2432 1790 2509 cancellarii
1824 2458 1908 2507 ac
1949 2429 2230 2504 Vicazii
2271 2454 2390 2533 ge·

209 2536 527 2630 neralis,
564 2532 705 2614 sub
729 2541 1065 2642 ipsorum
1095 2541 1289 2617 veris
1327 2541 1622 2643 sigillis,
1659 2535 2199 2645 pendentibus,
2245 2536 2389 2640 pri-

209 2644 652 2749 uilegialiter
683 2644 1061 2724 confectas
1089 2667 1430 2725 tenorum
1471 2649 2085 2749 subsciwiptoium,
2128 2661 2388 2744 petens

209 2779 347 2830 nos
382 2750 643 2827 humili
682 2778 989 2854 precum
1021 2756 1413 2846 instancia,
1451 2772 1530 2828 vt
1559 2781 1732 2831 cum
1774 2752 2126 2830 easdem
2110 2779 2193 2826 tn
2224 2775 2391 2853 spe-

207 2861 327 2937 cie
361 2884 613 2935 secum
654 2877 964 2965 propter
996 2861 1289 2936 diuersa
1329 2856 1754 2936 discrimina
1791 2860 2119 2948 viarum,
2158 2858 2393 2934 viato-

206 2966 419 3043 ribus
455 2966 726 3043 crebro
763 2972 1258 3071 emergentia,
1314 2963 1612 3043 deferre
1649 2967 1744 3042 de
1782 2966 1952 3041 loco
1993 2965 2088 3040 ad
2135 2962 2391 3039 locum

209 3069 686 3167 formidaret,
742 3073 919 3178 ipsis
961 3095 1307 3176 tanquam
1345 3072 1887 3173 originalibus
1867 3100 1942 3147 1n
1977 3070 2276 3145 Judicio
2315 3084 2394 3145 et

209 3198 421 3255 extra
455 3164 1032 3304 producentibus
1063 3178 1243 3256 fides
1278 3180 1754 3274 adhibeatur,
1792 3177 2086 3255 easdem
2127 3175 2265 3252 sub
2300 3175 2393 3252 si·

207 3285 365 3388 gilli
388 3288 620 3362 nostri
657 3292 947 3364 testimo
973 3287 1286 3364 rescribi
1306 3286 1555 3364 facere
1589 3287 2065 3393 dignaremur
2100 3283 2193 3359 ad
2226 3309 2393 3359 cau-

210 3392 458 3468 telam.
517 3392 850 3482 Quarum
885 3397 1096 3469 vuius
1148 3412 1368 3471 tenor
1414 3396 1579 3472 talis
1631 3413 1777 3471 est:
1838 3396 2030 3470 Nos
2092 3389 2393 3494 Mag1-
2476 3397 2483 3417 '

206 3527 244 3575 s
270 3518 299 3576 t
321 3528 363 3575 e
385 3530 428 3574 r
459 3501 502 3571 J
521 3528 566 3576 o
591 3529 630 3573 a
657 3530 700 3575 n
729 3531 774 3575 n
802 3531 843 3575 e
868 3529 901 3576 3
935 3503 1411 3606 Praepositus
1469 3505 1547 3577 Β.
1603 3500 1908 3579 Martini
1953 3501 2046 3575 de
2100 3498 2395 3603 Scepus

209 3624 352 3682 ete.
411 3606 514 3702 (v.
573 3605 662 3681 ad
700 3637 816 3683 ειη.
852 3614 1100 3685 ·.1294
1152 3626 1227 3686 et
1281 3610 1548 3707 1326.)
1606 3608 1931 3684 Alterius
1965 3630 2146 3683 vero
2176 3622 2395 3680 tenor
2446 3610 2451 3619 ’

210 3717 554 3816 sequitur
596 3717 669 3788 in
727 3711 907 3791 haec
972 3715 1240 3791 verba:
1299 3718 1490 3792 Nos
1522 3715 1830 3791 Jacob
1857 3740 1957 3789 us
2009 3715 2394 3815 Episcoq

193 3846 390 3925 ¹pus
433 3816 534 3920 (v,
592 3819 681 3894 ad
724 3852 839 3896 an.
886 3826 1147 3912 1294).
1206 3823 1364 3899 Nos
1402 3823 1624 3923 igitur
1677 3823 1880 3899 iustis
1938 3838 2014 3896 et
2055 3818 2398 3927 legitimis

204 3926 697 4032 petitionibus
754 3931 978 4033 ipsius
1034 3928 1336 4005 Domini
1383 3929 1655 4015 Fratris
1713 3927 2031 4005 Ladislai
2082 3920 2427 4033 Abbatisp

208 4035 310 4110 de
344 4034 543 4110 dicta
578 4032 850 4112 Savnik
885 4034 1396 4112 fauorabiliter
1436 4036 1766 4112 inclinati
1818 4034 2110 4112 easdem
2155 4033 2400 4107 literas
2488 4081 2499 4094 ·

195 4142 678 4219 eorumdem
696 4143 1195 4220 Domitiorum
1247 4139 1509 4219 Jacobi
1556 4141 1913 4248 Episcopi
1961 4158 2039 4219 et
2090 4139 2398 4217 Joannis

207 4250 622 4356 Praepositi
649 4248 1087 4358 Scepusien.
1130 4250 1469 4392 ipsorum
1502 4269 1728 4358 atque
1761 4250 2034 4333 nostris
2071 4246 2398 4357 penden-
