2926 4849
728 432 877 506 784

551 722 556 729 ,
617 642 801 719 tioni
842 660 989 718 tam
1042 644 1325 717 amicae
1348 696 1366 725 .
1421 655 1501 715 et
1537 635 1889 716 honestae
1938 640 2509 717 se'·consensum
2562 647 2820 720 nulla·

616 745 833 825 tenus
881 738 1192 853 amplius
1239 745 1750 851 negaturum.“

707 881 872 939 Haec
918 895 1126 939 coram
1184 872 1462 936 Bohemis
1516 875 1762 937 nouiter
1803 872 1884 936 ad
1927 872 2334 938 obedientiam
2385 880 2678 942 reuersis
2698 928 2718 951 ,
2759 905 2825 941 ac

807 976 1088 1061 pluribus
1134 975 1262 1037 aliis
1305 977 1782 1045 Alemannorum
1836 977 2218 1051 nationibus,
2263 978 2554 1051 recitata.
2645 980 2822 1066 sigis»

807 1077 1074 1141 mundus
1119 1077 1376 1154 nuncios
1423 1076 1814 1160 imperatoria
1854 1077 2212 1141 liberalitate
2261 1079 2537 1143 donatos
2568 1085 2818 1145 remisit·

809 1180 1140 1263 Dlugossns
1182 1178 1223 1239 l·
1264 1199 1320 1240 c.
1360 1177 1485 1241 Sed
1524 1177 1584 1239 in
1631 1178 2003 1261 Hungariam
2051 1163 2227 1243 vinus
2262 1202 2602 1267 nunquam
2660 1183 2820 1246 dein·

804 1304 950 1366 ceps
1002 1280 1196 1343 rediit.
1273 1280 1528 1364 Negotia
1581 1281 1755 1366 regni
1808 1280 2128 1345 Bobemiae
2169 1284 2350 1347 nouis
2380 1286 2604 1349 turbis
2636 1288 2816 1372 impli-

803 1385 932 1446 cuit
979 1382 1376 1457 Rochczana,
1423 1380 1530 1465 qui
1583 1406 1617 1443 a
1673 1379 2065 1467 sigismundo
2110 1387 2339 1448 frustra
2391 1391 2711 1468 munitm,
2756 1402 2809 1453 rt

806 1507 871 1548 se
919 1488 1226 1545 Romanae
1271 1484 1570 1547 Ecclesiae
1620 1485 1981 1557 subiiceret,
2029 1487 2114 1549 sic
2155 1511 2334 1571 posse
2377 1492 2803 1572 pontificatum

808 1591 922 1656 sibi
950 1590 1260 1655 'committi
1274 1615 1292 1670 ;
1321 1590 1603 1653 insolenti
1633 1589 1881 1652 audacia
1916 1613 2133 1676 parere
2160 1587 2539 1659 detractauit
2563 1646 2584 1675 ,
2635 1600 2806 1661 reda·

806 1704 974 1757 ctum
1028 1692 1307 1757 ordinem
1363 1691 1706 1776 sugillauit5
1765 1691 1845 1753 ad
1887 1707 2152 1776 poenam
2201 1691 2603 1774 Restituam,
2663 1702 2803 1763 clam

808 1796 1104 1883 profugit·
1169 1800 1401 1857 Aeneas
1434 1793 1678 1877 Syluius
1706 1792 1872 1878 apud
1904 1795 2287 1881 Raynaldum
2319 1796 2399 1861 ad
2431 1822 2534 1862 an.
2579 1806 2764 1866 1436.

1451 1916 1945 2011 CCCLXXH.

606 2069 754 2119 Idem
789 2061 1184 2134 &gismundus
1234 2057 1471 2112 Nobiles
1513 2055 1997 2112 Transsiluans‘as
2034 2061 2115 2135 αᾴ
2146 2061 2430 2122 deciman
2475 2062 2594 2135 Iege
2640 2070 2795 2136 mgni

798 2154 1162 2226 approbatas,
1200 2153 1480 2222 Ephe-opo
1517 2150 1839 2215 soluendus,
1877 2151 1981 2205 sub
2009 2154 2182 2206 trium
2215 2173 2561 2216 marcarum,
2600 2176 2640 2210 a
2673 2161 2797 2211 sin-

724 2248 747 2265 *
794 2249 951 2321 gulis
986 2246 1475 2319 possessionibus,
1532 2246 1824 2335 bit-sagis,¹
1869 2248 1937 2300 in
1974 2262 2193 2308 moneta
2246 2268 2399 2304 noua
2443 2251 2793 2307 danatista-

801 2340 1101 2397 sumendas
1142 2338 1400 2409 stringit.
1438 2335 1506 2390 A.
1550 2335 1715 2392 1436.

642 2541 645 2545 Α
800 2448 1308 2556 Sigism'undus
1355 2450 1491 2524 Dei
1536 2451 1763 2550 gratia
1802 2429 2317 2525 Romanorum
2352 2453 2789 2555 Imperator,

606 2585 901 2663 semper
946 2562 1315 2661 Augustus
1342 2613 1363 2650 ,
1421 2582 1508 2629 ac
1551 2555 1972 2657 Hungariae
2001 2611 2022 2647 ,
2083 2552 2479 2632 Bohemiae
2508 2614 2532 2651 ,
2609 2563 2787 2636 Dal-

604 2669 920 2756 matiae,
981 2663 1369 2750 Croatiae,
1430 2678 1569 2734 etc.
1609 2664 1797 2735 Rex,
1866 2660 2243 2738 Fidelibus
2295 2669 2568 2741 nostris
2628 2671 2787 2742 vni-

609 2774 843 2848 uersis
874 2824 895 2860 ,
951 2787 1026 2844 et
1055 2769 1359 2869 singulis
1396 2767 1854 2858 Baronibus,
1911 2767 2310 2846 Nobilibus
2363 2789 2443 2847 et
2498 2775 2789 2850 alterius

487 2879 496 2886 ’
605 2878 930 2954 cuiusuis
971 2894 1197 2953 status
1229 2870 1697 2968 hominibus,
1750 2874 1889 2949 sub
1937 2875 2440 2955 iurisdictione
2470 2880 2789 2957 decima·

517 3057 532 3070 ,
606 2985 850 3062 ticinis
897 2981 1387 3087 Episcopatus
1428 2978 1797 3057 Ecclesiae
1831 2982 2287 3058 Transiluan.
2348 2989 2422 3059 in
2476 2989 2791 3092 quibus-

608 3095 713 3167 uis
770 3093 1175 3167 Comitatus
1224 3088 1638 3163 constitutis
1695 3130 1796 3141 —-
1850 3125 1959 3144 —-
2009 3129 2117 3145 —-
2167 3131 2276 3150 --·
2329 3094 2653 3170 salutem
2728 3115 2794 3173 et

604 3199 932 3304 gratiam.
990 3200 1315 3273 Grauem
1360 3192 1738 3298 querelam
1777 3223 1957 3300 pro¹
1989 3214 2196 3299 parte
2259 3203 2672 3278 reuerendi
2724 3207 2789 3278 in

603 3306 852 3384 Chisto
893 3305 1169 3394 Patris»,
1230 3302 1530 3377 Domini
1574 3301 1887 3404 Georgii
1931 3299 2321 3409 Episcopi,
2360 3309 2788 3409 praedictae

600 3412 973 3488 Ecclesiae
1006 3406 1703 3499 Transiluaniensis‚
1769 3406 2125 3486 Maiestati
2164 3430 2466 3490 nostrae
2520 3444 2788 3519 poroe·

559 3511 564 3518 ⁴
601 3529 791 3597 ‘ctam
827 3519 1275 3622 accepimus,
1313 3516 1860 3607 continentem3
1891 3517 2133 3626 quod
2167 3521 2510 3596 nonnulli
2545 3523 2789 3601 forent

600 3653 693 3703 ex
741 3625 995 3716 vohis,
1053 3623 1185 3725 qui
1225 3622 1370 3697 Dei
1418 3624 1688 3698 timore
1733 3628 2146 3726 postposito
2179 3682 2200 3720 ‚
2256 3624 2594 3705 decimas
2647 3619 2793 3708 fruss

651 3761 774 3808 um
824 3750 902 3807 et
939 3727 1327 3806 bladorum
1361 3784 1382 3822 ‚
1452 3755 1540 3803 ac
1602 3726 2107 3829 quarumlibet
2162 3732 2475 3811 aliarum
2538 3765 2787 3815 rerum

596 3761 953 3916 decimari
1000 3855 1557 3928 consuetarum;
1613 3837 1858 3914 Vestri
1898 3856 2150 3943 parte,
2209 3866 2340 3915 seu
2388 3841 2488 3918 de
2532 3850 2784 3921 vestris

603 3946 1227 4052 possessionibus,
1285 3961 1511 4045 atque
1550 3938 1761 4017 bonis
1808 3943 2144 4048 praefato
2212 3948 2542 4024 Domino
2605 3954 2779 4057 Epi·-

599 4081 832 4159 scopo
863 4070 1157 4157 promta
1189 4070 1261 4123 et
1302 4068 1550 4153 parata
1589 4052 1661 4123 in
1710 4055 2029 4153 pecunia
2070 4058 2779 4155 prouenire-deben·

602 4179 706 4235 tes
743 4161 867 4255 (ex
914 4175 1294 4236 contractu
1335 4159 1613 4233 scilicet
1657 4158 2006 4255 urendae)
2042 4158 2281 4236 eidem
2314 4187 2440 4237 seu
2487 4170 2637 4264 suis
2672 4169 2775 4240 de·
