2926 4849
2038 511 2188 590 159

173 714 191 798 i
264 722 394 803 iin·
428 709 623 798 facto
678 714 1056 801 cuiusdam
1093 717 1501 828 particulae
1543 735 1835 817 teme,
1890 748 1978 800 ac
2031 720 2296 799 vinca-

246 857 340 921 m,
381 821 797 928 syluarum,
851 829 1445 908 molendinorum
1503 854 1590 903 ac
1642 845 2031 930 pratorum
2096 830 2296 908 inter

175 936 606 1033 possessiones
658 939 1043 1046 ipsorum,
1120 951 1469 1037 vtrasque
1530 934 1772 1037 Telky
1823 939 2291 1024 vocatas,‘in

172 1038 272 1116 lite
298 1042 784 1128 existentium.
840 1043 918 1118 in
971 1069 1289 1148 quarum
1323 1041 1608 1118 scilicet
1654 1039 1852 1118 facto
1895 1047 2054 1147 ipse
2105 1042 2247 1117 Fra
2275 1081 2292 1095 ·

168 1162 257 1222 ter
298 1147 533 1225 Petrus
575 1151 817 1243 Prior,
872 1149 1219 1225 aduersus
1258 1151 1500 1251 ipsum
1537 1147 2001 1243 Ladislaum,
2055 1147 2292 1226 fitium

167 1247 463 1346 Ladislai,
514 1255 595 1331 in
643 1254 837 1333 dicta
880 1256 1456 1361 congregatione
1514 1252 1930 1356 Leustachy
1981 1252 2288 1332 Palatini

165 1347 321 1434 litem
357 1388 663 1438 mouere
699 1361 1164 1456 intendisset,
1199 1358 1445 1439 taliter
1480 1359 2030 1458 concordasset,
2083 1357 2294 1465 quod

164 1454 313 1540 idem
346 1468 555 1544 Prior
601 1470 936 1576 quinque
967 1468 1497 1573 Jobbagyones
1535 1492 1707 1544 suos
1761 1469 1837 1542 in
1881 1469 2292 1572 possessio-

165 1599 231 1647 ne
253 1572 583 1678 Chepes,
615 1593 1002 1651 annotatus
1042 1578 1262 1652 etiam
1310 1569 1665 1678 Magister
1714 1573 2130 1665 Ladislaus‚
2186 1576 2296 1649 si·-
2430 1647 2441 1660 ‚

161 1678 384 1754 militer
438 1683 779 1787 quinque
832 1678 1363 1785 Jobbagyones
1423 1681 1500 1755 in
1555 1679 1754 1756 dicta
1823 1681 2286 1786 possessione

160 1783 388 1882 Telky,
437 1787 885 1880 residentes,
937 1789 1267 1864 seniores
1320 1805 1398 1864 et
1442 1788 1817 1894 potiores,
1872 1784 1965 1862 ad
2016 1785 2297 1892 ‘faciem

162 1890 527 1994 praedictae
584 1895 991 2002 particulae
1056 1907 1295 1972 terrae
1348 1893 1709 1997 litigiosae
1760 1895 1958 1970 inter
1990 1899 2293 1998 posses-

159 1997 352 2075 siones
392 2020 716 2106 vti-aque
774 1995 1014 2106 Telky
1086 2019 1428 2097 vocatas,
1486 1997 1998 2105 praesentibus
2047 1995 2298 2075 homi-

161 2102 327 2179 nibus
362 2108 590 2211 ipsius
625 2106 1034 2204 Leustaclty
1074 2106 1415 2204 Palatini,
1470 2131 1619 2182 nec.
1655 2133 1809 2184 non
1857 2099 2297 2182 testimoniis

160 2216 551 2321 praescripti·
576 2207 1019 2290 conuentus·
1038 2212 1516 2316 Simegiensis
1532 2269 1556 2308 ,
1608 2210 1977 2292 adducere¹
2016 2210 2323 2314 debueffi

163 2314 302 2406 rint.
352 2347 441 2397 eo
479 2307 763 2413 mo'd0,
818 2337 897 2396 vt
951 2316 1090 2426 ips'i
1129 2317 1390 2398 'decem
1432 2319 1909 2426 Jobagyones
1955 2318 2050 2394 ad
2096 2313 2306 2394 San-e

165 2439 248 2495 cta
289 2424 682 2534 Euangelia
733 2428 918 2523 Dei,
1000 2455 1264 2506 eorum
1326 2432 1739 2505 iuramenta
1796 2423 2250 2533 deponendo
2273 2481 2309 2519 ‚.
2416 2472 2421 2477 ·

164 2532 557 2630 praedictam
620 2547 858 2612 terrae
908 2528 1341 2641 'particulam
1405 2536 1836 2639 litigiosam,
1930 2558 2070 2609 nec
2142 2558 2299 2609 non

164 2634 394 2733 vineas,
444 2640 775 2745 syluam,
829 2640 1255 2719 molendina
1321 2656 1583 2749 prata,
1636 2632 1851 2720 inter¹
1881 2638 2301 2747 praedictas

163 2746 610 2841 possessiones
668 2744 993 2855 partium
1049 2749 1358 2853 litigiose
1422 2748 1960 2842 adiacentium,
2006 2745 2303 2928 ‘praeui-

164 2839 412 2946 derem,
468 2874 548 2931 et
583 2858 1169 2962 circumquaque
1211 2853 1791 2954 reambularent,
1848 2870 1926 2931 et
1960 2880 2003 2929 a
2093 2857 2304 2932 cuius

164 2957 348 3054 partis
375 2961 911 3067 possessionem
957 2965 1216 3038 eadem
1254 2965 1329 3038 in
1375 2978 1537 3061 tofto
1575 2963 1688 3038 vel
1727 2962 1803 3037 in
1850 2978 2096 3067 parte,
2135 2976 2305 3066 peri·

169 3049 446 3161 tinuisse,
500 3086 586 3143 et
643 3073 1018 3172 pertinere
1060 3068 1339 3147 debere
1380 3062 1766 3164 dicerent,
1821 3069 1897 3144 id
1941 3091 2118 3172 pars
2160 3089 2305 3143 oc-

169 3180 392 3270 cupans
422 3174 613 3277 parti
659 3174 997 3255 iniuriam
1035 3177 1340 3282 patienti
1383 3176 1540 3252 sine
1580 3177 1781 3250 omni
1816 3196 2030 3252 mora
2072 3188 2149 3248 et
2178 3198 2307 3249 oc·

168 3278 410 3355 cesione
469 3283 856 3360 remittere
919 3280 1274 3375 deberet,
1349 3281 1967 3359 contradictione
2004 3281 2307 3385 alterius

167 3379 349 3480 panis
387 3414 533 3465 non
571 3390 917 3466 obstante
941 3447 961 3482 ,
1020 3394 1163 3469 isto
1198 3392 1480 3467 inserto
1503 3446 1525 3485 ,
1581 3402 1659 3466 et
1697 3417 1834 3496 per
1872 3390 2116 3492 ipsum
2146 3410 2306 3460 ma-

168 3489 421 3585 gistrum
460 3494 876 3573 Ladislaum
908 3515 1272 3580 assumto.
1330 3504 1412 3570 vt
1452 3498 1513 3571 si
1555 3495 1713 3601 ipse
1764 3493 2118 3597 Magister
2152 3494 2305 3569 Lu-

169 3588 428 3676 dislaum
457 3592 706 3683 dictos
751 3608 1088 3710 quinque
1134 3603 1623 3704 Jobagyones
1667 3612 1838 3679 suos
1893 3599 1987 3676 ad
2041 3598 2309 3678 faciem

172 3704 542 3798 praedictae
590 3727 839 3788 terrae
886 3711 1240 3817 litigiosae
1301 3726 1443 3817 pro
1507 3706 2035 3814 prosecutione
2084 3724 2315 3814 prae-³

170 3808 554 3908 missorum,
631 3813 1005 3895 adducere
1073 3810 1225 3893 non
1299 3833 1652 3910 curaret,
1745 3831 2025 3891 extunc
2088 3814 2318 3917 ydem

173 3916 462 4018 quinque
503 3922 1021 4028 Jobagyones,
1093 3926 1322 4027 ipsius
1387 3920 1664 3998 Prioris
1713 3910 2125 3997 secundum
2174 3918 2320 3998 eo-

174 4035 307 4099 rum
351 4026 791 4125 iuramenta,
864 4059 1019 4109 non
1084 4033 1426 4109 obstante
1481 4024 1988 4136 prohibitione
2056 4046 2134 4106 et
2187 4028 2320 4104 ab·

177 4135 364 4206 sentia
409 4142 789 4215 memorati
844 4138 1181 4244 Magistri
1235 4135 1591 4219 Ladislai.
1650 4134 1767 4213 v²el
1820 4137 1932 4213 sui
1969 4146 2318 4261 procura·

183 4237 362 4333 loris,
411 4245 800 4345 praemissa
851 4273 990 4324 suo
1046 4224 1278 4323 mo'do
1332 4236 1783 4348 perficerent
1801 4301 1826 4337 ,
1886 4243 2061 4322 alits'
2096 4240 2322 4321 etiam
