2926 4849
2097 446 2242 512 727

175 657 524 736 duximus
547 655 1106 761 prorogandam.
1178 657 1444 729 Datum
1490 655 1739 729 Budae
1768 656 2140 755 trigesimo
2179 677 2353 728 sex-

176 786 260 842 to
311 763 434 840 die
505 766 793 840 termini
847 761 1281 885 praenotati.
1344 762 1560 835 Anno
1623 759 1916 836 Domini
1961 756 2352 833 Millesimo

177 871 911 974 quadringentesimo
953 868 1333 971 trigesimo
1372 867 1721 971 quinto-‘⁴

277 1005 323 1061 Ε
354 997 707 1060 membrana
742 995 1033 1079 originali

1028 1155 1518 1237 CCCXLVII.
1625 1201 1656 1232 ι

178 1305 331 1356 Idem
367 1302 627 1358 mathias
667 1304 730 1356 de
765 1299 972 1357 Palo'cz
1012 1321 1116 1373 pro
1162 1302 1478 1360 Demetrio,
1511 1298 1644 1367 filio
1682 1304 1951 1367 Ioannis,
1986 1303 2121 1356 dicei
2158 1287 2364 1356 Bessa-

375 1412 452 1445 nu
481 1393 544 1445 do
568 1385 892 1464 Demgnyn,
938 1391 1163 1445 mucules
1197 1390 1480 1463 elargitur
1552 1391 1618 1444 A.
1663 1388 1819 1444 1435.

378 1508 532 1584 Nos
577 1509 954 1611 Matthyus
989 1508 1082 1585 de
1125 1510 1387 1585 Palocz
1427 1512 1906 1587 Palatinus—
1931 1512 2168 1587 Prima
2211 1535 2365 1585 me·-

181 1639 297 1711 ta‚
352 1620 554 1691 iuxta
626 1618 1093 1721 priuilegium
1126 1607 1413 1694 Caroli
1460 1620 1546 1693 R.
1595 1618 1682 1691 H.
1735 1617 1831 1692 de
1874 1646 2070 1693 anno
2136 1622 2362 1690 1322.

183 1727 535 1826 Magistro
604 1723 986 1808 Michaeli,
1040 1723 1193 1799 filio
1260 1722 1635 1798 Michaelis
1692 1724 1785 1799 de
1836 1741 2057 1827 gente
2116 1725 2366 1814 Akus‚

182 1857 537 1933 supremo
575 1831 865 1905 Comite
904 1830 1218 1918 factum,
1277 1831 1748 1934 possessionis
1791 1833 2215 1934 Deregnye,
2269 1829 2364 1902 ad

182 1935 493 2014 fluuium
549 1936 881 2012 Laboxcz
928 1940 1275 2041 peruenit
1329 1932 1418 2010 ad
1466 1939 1795 2011 riuulum
1851 1938 2084 2030 Perk,
2138 1962 2367 2037 quem

184 2070 441 2120 versus
462 2041 929 2119 occidentem
964 2041 1403 2118 transeundo
1444 2042 1638 2117 vadit
1673 2042 1762 2117 ad
1804 2061 2029 2117 metas
2065 2060 2368 2165 terreas,

186 2153 381 2225 inter
424 2153 918 2253 possessiones
947 2147 1228 2222 Zeleuk
1265 2167 1338 2224 et
1382 2149 1548 2252 Higi
1607 2168 1918 2231 vocatas,
1977 2149 2237 2224 transit
2276 2149 2369 2221 ad

188 2255 515 2332 ιίιιυῐιιιιι
551 2251 952 2347 Jeszeneu‚
1013 2282 1260 2330 versus
1292 2210 1899 2359 septenmtrionem
1933 2255 2364 2348 reflectitm,

187 2390 283 2439 ex
349 2378 558 2471 parte
617 2366 1083 2464 possessionis
1146 2360 1416 2439 Lachul
1489 2389 1740 2438 versus
1799 2365 2164 2440 orientem
2233 2387 2368 2465 per

195 2489 480 2545 veteres
531 2487 800 2564 metas,
859 2495 948 2543 ex
1016 2487 1221 2571 parte
1288 2473 1763 2574 possessionis
1823 2470 2124 2565 Banu,
2183 2496 2364 2573 per-

193 2580 397 2652 uenit
441 2574 534 2649 ad
597 2576 818 2651 finem
875 2578 1064 2680 prati
1140 2576 1715 2680 Hozuzenassag.
1696 2632 1754 2668 .,
1816 2579 2102 2662 vocati,
2162 2577 2359 2649 venit

190 2683 282 2758 ad
330 2685 577 2758 riuum
622 2683 984 2772 Hataver,
1042 2699 1115 2757 et
1147 2707 1282 2786 per
1330 2683 1648 2757 eundem
1689 2681 1952 2758 cadit
1930 2709 2006 2756 m
2049 2681 2357 2756 fluuium

192 2793 432 2882 Busa,
487 2806 561 2863 at
626 2789 954 2863 saliendo
1017 2789 1109 2862 de
1159 2789 1471 2880 eodem,
1528 2792 1805 2865 directe
1872 2790 2213 2889 peruenit
2268 2787 2358 2860 ad
2417 2816 2421 2820 *

187 2914 524 2999 stagnum
563 2893 811 2971 Stetus
850 2912 1229 2978 vocatum,
1285 2895 1555 2971 deinde
1602 2894 2078 3000 procedendo
2132 2921 2364 2998 supe-

192 3005 347 3078 rius
404 3002 493 3077 ad
539 3023 876 3103 stagnum
926 3003 1165 3103 Nagy-
1142 3002 1493 3077 -Ketiche
1554 3020 1938 3092 vocatum,
1996 3019 2069 3075 et
2116 3003 2370 3087 vinam

195 3109 547 3209 Zyochna
599 3109 796 3183 cadit
854 3110 930 3182 in
978 3108 1289 3184 fluuium
1343 3108 1677 3183 Laborcz
1743 3125 1819 3181 et
1879 3108 2217 3208 peruenit
2272 3094 2362 3179 ad

195 3217 507 3319 primam
544 3232 813 3291 metam
854 3215 1259 3318 capitalem.
1303 3255 1403 3266 —-
1452 3216 1671 3289 Anno
1717 3212 2255 3289 MCDXXXV-
2259 3214 2310 3253 ‘⁶

281 3347 548 3431 Szirmay
579 3344 1011 3439 Topographia
1036 3346 1367 3409 comitatus
1398 3343 1738 3407 Szathmar.
1769 3367 1833 3428 p.
1865 3341 2006 3405 374.

1005 3496 1545 3574 CCCXLVIII.

198 3646 452 3700 ΜαεΙιίαε
484 3648 546 3699 de
584 3641 791 3700 Palo'cz
812 3679 831 3705 ‚
886 3646 957 3694 R.
990 3648 1064 3697 H.
1110 3643 1447 3709 Palatinus,
1494 3640 1719 3695 metelos
1746 3641 2133 3711 possessionis
2185 3636 2373 3691 Archa

186 3744 189 3747 ’
376 3754 485 3809 pro
522 3736 842 3809 Crucigen's
880 3736 943 3787 de
972 3734 1114 3787 Alba
1145 3732 1496 3787 transcribit.
1559 3733 1620 3784 A.
1668 3729 1828 3785 1435.

390 3844 548 3921 Nos
594 3844 903 3921 Mathias
954 3843 1048 3918 de
1100 3839 1403 3931 Palocz,
1465 3839 1674 3943 regni
1715 3840 2137 3941 Hungariae
2178 3838 2375 3911 Pala-

197 3960 387 4032 tinus
440 3971 517 4028 et
558 3948 807 4026 Judex
848 3950 1395 4043 Cumanorum,
1452 3947 1857 4022 memoriae
1908 3943 2376 4029 mandantes,

201 4082 461 4137 tenore
501 4058 993 4185 piaesentium
1045 4053 1511 4158 significaturi
1554 4050 1724 4153 (sic)
1772 4055 2041 4157 quibus
2081 4049 2385 4153 expedit

202 4170 572 4241 vniuersis.
631 4161 853 4253 Quod
894 4164 1276 4266 religiosus
1330 4163 1480 4249 vir,
1520 4159 1748 4234 frater
1785 4158 2130 4250 Thomas,
2166 4157 2380 4231 Prae·
