2926 4849
1981 460 2169 593 88ss

98 674 494 756 sanctitatis
513 730 535 769 ,
610 673 870 756 barum
920 673 1115 755 serie
1172 677 1418 756 eidem
1474 676 1815 758 duximus
1860 672 2246 771 declarati}

98 786 259 862 dum
306 782 689 859 Sanctitati
714 838 737 877 ,
792 780 1171 888 quomodo
1232 785 1678 863 venerabilis
1728 804 1806 864 et
1859 789 2246 892 religiosus

98 895 340 987 Pater,
393 890 760 967 Dominus
804 894 1060 968 Frater
1092 892 1419 969 Jacobus
1454 891 1550 969 de
1590 893 1960 990 Marchia,
1990 897 2249 973 *viea-
2372 916 2375 919 ·

98 1000 231 1075 rius
282 999 661 1074 Bosnensis
681 1052 705 1093 ,
800 998 1097 1081 Ordinis
1163 997 1510 1079 Fratrum
1587 1000 1960 1078 minorum
1991 1051 2020 1096 ,
2092 1018 2249 1104 'per

98 1108 310 1211 ipsam
347 1104 690 1179 Vestram
723 1102 1205 1200 sanctitatem
1238 1107 1319 1181 in
1352 1105 1503 1184 hoc
1546 1129 1782 1209 regno
1822 1108 2249 1212 Hungariae

98 1211 469 1317 inquisitor
498 1207 908 1288 haereticae
946 1213 1322 1316 prauitatis
1360 1211 1782 1318 specialiter
1820 1213 2247 1316 deputatus,

98 1317 328 1395 multis
366 1316 551 1419 locis
592 1335 669 1394 et
699 1317 1031 1421 partibus
1067 1320 1279 1422 regni
1317 1318 1676 1424 praedicti
1718 1347 1871 1398 non
1905 1321 2061 1397 sine
2094 1346 2251 1397 ma·

98 1427 245 1530 gnis
285 1441 362 1501 ct
396 1424 730 1500 maximis
776 1425 893 1503 sui
935 1427 1277 1530 corporis
1315 1442 1395 1503 et
1444 1429 1633 1502 vitae
1685 1425 2033 1530 periculis
2067 1452 2254 1530 per·-

98 1530 437 1625 lustrati's,
490 1556 732 1635 nuper
764 1529 862 1608 ad
900 1548 1229 1609 nostram
1265 1532 1672 1611 Ecclesiam
1717 1551 1795 1611 et
1825 1530 2259 1612 Dioecesim

98 1639 317 1716 satis
370 1638 845 1740 exiguam,
895 1640 976 1713 in
1034 1636 1450 1716 confinibus
1502 1639 1727 1743 ipsius
1782 1642 1997 1745 regni
2054 1641 2258 1719 'circa

98 1746 478 1839 Rascianos
519 1743 1048 1822 schismaticos
1104 1760 1182 1822 et
1207 1766 1212 1772 ·
1237 1743 1659 1823 Catholicae
1698 1744 1875 1823 fidei
1924 1748 2259 1825 aemulos

98 1853 298 1931 zitam
319 1907 341 1946 ,
392 1876 562 1927 cum
617 1850 1068 1954 quibusdam
1118 1853 1267 1928 suis
1321 1852 1501 1929 dicti
1549 1849 1854 1929 Ordinis
1905 1850 2264 1932 fratribus

98 1958 382 2035 aduenit
403 2012 427 2052 ,
480 1975 558 2035 et
598 1955 784 2034 inibi
846 1956 1197 2036 altissimo
1241 1978 1583 2037 creatore
1621 1957 2011 2037 auxiliante
2037 2015 2061 2056 ,
2118 1985 2265 2065 pro

98 2080 480 2170 augmento
501 2081 599 2141 et
622 2065 1190 2142 co'nseruatione
1230 2063 1406 2141 fidei
1440 2063 1896 2144 orthodoxae
1932 2062 2263 2146 commo-

98 2171 177 2247 da
209 2172 434 2248 multa
461 2227 483 2266 ,
536 2168 1247 2269 salubriaque-dona
1280 2175 1738 2277 reportauit,
1789 2199 1885 2251 eo
1932 2172 2136 2275 q'uod
2180 2175 2261 2248 P.

98 2279 166 2357 S.
219 2280 296 2354 in
356 2278 641 2354 circum
686 2279 945 2377 vicinis
1004 2278 1331 2382 partibus
1383 2293 1555 2355 ante
1611 2279 1852 2356 dictae
1895 2280 2267 2357 Ecclesiae

98 2401 381 2464 nostrae
409 2416 410 2419 ¹
441 2384 799 2488 plurimos
856 2382 1310 2481 haereticos,
1390 2398 1541 2462 tam
1598 2385 1957 2484 clericos,
2041 2413 2270 2492 quam

98 2494 310 2571 laicos
371 2491 784 2568 haereticae
849 2492 1234 2593 prauitatis
1304 2492 1868 2596 maledictorum
1940 2494 2267 2570 Hussita·

98 2626 294 2689 rum,
352 2597 776 2676 Catholicae
830 2595 1006 2674 fidei
1050 2615 1144 2673 ct·
1176 2617 1473 2675 sanctae
1540 2602 1924 2684 Romanae
1972 2626 2060 2676 ac
2106 2600 2269 2675 vni-

98 2705 386 2784 uersalis
401 2705 771 2782 Ecclesiae
794 2702 1149 2782 aemulor.
1193 2703 1363 2782 labe
1399 2695 1856 2804 defoedatos,
1883 2724 1957 2784 et
1990 2705 2270 2813 depra-

98 2830 331 2909 uatos,
386 2837 474 2888 ac
515 2809 915 2889 damnabili
949 2812 1722 2912 excommunicatione
1761 2817 2109 2904 irretitos,
2165 2810 2271 2889 di-

98 2920 336 3021 ligenti
359 2919 844 3020 inquisitione
880 2917 1182 3021 reperit.
1227 2917 1376 3007 Qui
1406 2916 2056 2996 scilicethaeretici
2095 2920 2123 2993 i
2182 2921 2273 3015 si,

98 3025 406 3118 Sanctae
475 3024 734 3100 Matris
798 3023 1168 3100 Ecclesiae
1225 3023 1501 3101 aemuli
1559 3026 1882 3121 versuti,
1953 2948 2271 3102 candian

98 3155 408 3232 sanctam
443 3132 870 3226 Ecclesiam,
927 3128 1397 3232 synagogam
1432 3129 1892 3234 appellabant
1925 3132 2268 3230 Satanae,

98 3240 349 3317 lemtis
380 3239 540 3315 aliis
571 3249 845 3315 ‚eoru'm
889 3237 1354 3334 nequissimis
1385 3236 1923 3332 dolositatibu8‚
1978 3254 2054 3315 et
2092 3266 2269 3345 ope-

98 3343 288 3423 ribus
328 3343 883 3436 nefandissimis,
938 3345 1131 3420 sicut
1176 3344 1389 3418 etiam
1429 3346 1567 3447 ipsi
1606 3341 1959 3421 haeretici
1998 3345 2269 3452 depre-

98 3453 297 3530 mensi
334 3478 478 3556 per
535 3449 816 3527 dictum
875 3448 1278 3525 Dominum
1319 3448 1652 3527 Fratrem
1711 3451 2075 3529 Jacobum
2133 3482 2272 3531 re·-

98 3560 325 3654 aerti,
376 3557 657 3663 palam,
710 3553 1011 3660 publice
1047 3573 1122 3631 et
1157 3556 1540 3633 manifeste
1574 3582 1828 3634 coram
1872 3563 2077 3637 omni
2115 3587 2269 3665 po·-

98 3655 303 3760 Sulo,
358 3689 492 3742 ore
539 3662 854 3767 proprio
888 3661 1470 3758 confitebantur,
1523 3665 2058 3742 sanctissimum
2098 3693 2268 3746 cor·

98 3799 222 3848 ms
264 3789 345 3850 et
373 3767 801 3874 sanguinem
843 3769 1145 3843 Domini
1196 3772 1428 3845 nostri
1473 3771 1650 3847 Jesu
1702 3770 1975 3849 Christi
2027 3773 2273 3851 bene·-

98 3880 303 3970 licti,
374 3875 523 3955 tam
577 3877 658 3951 in
711 3875 1026 3952 cellariis
1084 3874 1632 3971 subterraneis,
1705 3904 1931 3983 quam
1981 3880 2059 3954 in
2114 3886 2272 3980 aliis

105 3990 268 4062 ocis
309 3983 670 4061 vilissimis
720 3998 799 4058 et
834 3982 1140 4084 tuguriis
1179 3984 1421 4060 noctis
1461 3985 1541 4058 in
1574 3984 1868 4063 silentio
1903 3986 2272 4090 inebriati,

98 4090 631 4185 :onficiebant,
688 4107 765 4166 et
811 4090 916 4163 sic
961 4089 1327 4193 populum
1379 4090 1520 4166 Dei
1578 4093 1959 4196 vtriusque
2007 4119 2275 4190 sexus,

98 4218 171 4276 vt
210 4216 390 4305 puta
428 4196 626 4277 viros
663 4222 749 4277 ac
781 4193 1199 4291 mulieres„
1227 4221 1360 4302 per
1391 4198 1589 4302 ipsos
1642 4197 2008 4300 seductos,
2065 4219 2138 4278 et
2178 4207 2274 4282 ab
2390 4267 2393 4272 ,

1745 4300 1901 4383 56*
