2926 4849
627 492 783 567 220

521 700 621 780 de
668 698 764 776 ad
805 701 1322 778 vniuersorum
1363 712 1514 773 tam
1563 698 2101 800 praesentium,
2155 722 2379 802 quam
2415 695 2712 776 futuro-

520 832 694 883 rum
770 806 1105 882 notitiam
1183 800 1451 881 barum
1535 821 1798 880 tenore
1879 804 2216 882 volumus
2285 808 2708 909 peruenire.

523 912 746 1003 Quod
820 909 1082 987 fidelis
1119 931 1378 989 noster
1449 909 1811 986 discretus
1884 908 2224 987 Matthias
2285 911 2712 1006 Presbiter,

522 1024 810 1097 Rector
841 1018 1104 1094 domus
1127 1016 1521 1123 Hospitalis
1561 1016 1912 1094 ecclesiae
1935 1016 2193 1093 Sancti
2211 1018 2279 1092 N
2283 1016 2493 1093 icolai
2514 1022 2711 1097 Con·

524 1123 859 1220 fessoris,
936 1129 1009 1202 in
1070 1126 1380 1201 Ciuitate
1444 1126 1706 1201 Riuuli
1759 1124 2247 1200 Dominarum
2313 1124 2707 1222 fundatae,

524 1252 601 1310 et
651 1250 1160 1327 constructae,
1219 1228 1573 1334 quasdam
1628 1232 2114 1335 priuilegiales
2166 1231 2416 1309 literas
2458 1229 2705 1309 fideli-

525 1367 653 1417 um
711 1358 1135 1415 nostrorum
1201 1336 1736 1432 Prouidorum‚
1810 1340 1856 1412 J
1862 1338 2093 1415 udicis
2146 1354 2224 1414 et
2273 1341 2712 1417 Juratorum

519 1448 803 1543 ¹ciuium
857 1444 1183 1523 eiusdem
1237 1446 1619 1541 Ciuitatis,
1672 1444 1940 1549 quibus
1979 1444 2475 1522 mediantibus
2521 1447 2710 1550 qui-

526 1553 700 1630 dam
769 1555 1093 1628 Joannes
1150 1551 1565 1644 Omechin,
1649 1551 1982 1629 similiter
2032 1552 2308 1628 iuratus
2375 1550 2714 1631 concinis

521 1663 899 1766 ipsorum,
972 1661 1345 1761 quandam
1405 1657 1651 1735 villam
1714 1686 1918 1736 suam
1996 1661 2423 1763 empticium
2503 1660 2711 1736 inter

523 1767 926 1872 praefatam
941 1765 1333 1843 ciuitatem
1373 1783 1449 1842 et
1487 1764 1810 1842 medium
1846 1764 2175 1843 montem
2215 1767 2456 1856 sitam,
2479 1765 2709 1842 Totb·

523 1875 715 1967 salu,
768 1872 942 1949 alias
996 1869 1304 1949 Gherod
1353 1891 1962 1967 vocatam‚,eum
2019 1874 2171 1950 suis
2226 1871 2710 1967 vtilitatibus,

527 1977 863 2088 praefato
908 1980 1268 2084 Hospitali
1308 1979 1535 2058 modo
1576 1980 1769 2055 infra
1825 1980 1902 2054 in
1953 1998 2220 2057 tenore
2267 1981 2593 2084 ipsarum
2622 1979 2710 2054 li-
2756 2002 2761 2005 ’

525 2105 849 2164 terarum
887 2086 1256 2193 limpidius
1293 2089 1711 2194 explicato,
1766 2088 1842 2162 in
1888 2104 2331 2190 perpetuum
2378 2086 2654 2190 legasse
2681 2140 2707 2180 ,

524 2191 981 2297 dignoscitur
1035 2211 1111 2269 et
1164 2191 1511 2288 donasse,
1571 2195 1851 2270 tenoris
1918 2192 2466 2294 subsequentis3
2536 2220 2709 2297 sup·

523 2301 800 2405 plicans
833 2297 1101 2375 exinde
1151 2300 1527 2402 serenitati
1581 2316 1915 2395 nostrae,
1970 2297 2342 2375 humiliter
2371 2315 2447 2375 et
2479 2297 2710 2375 deuo-

521 2424 635 2486 te:
697 2423 773 2481 vt
802 2407 987 2510 ipsas
1020 2407 1267 2484 literas
1303 2405 1798 2514 priuilegiales
1831 2424 2067 2502 ratas,
2120 2414 2395 2509 gratas,
2449 2423 2519 2482 et
2570 2429 2703 2479 ac-

523 2531 778 2618 ceptas
853 2512 1194 2591 habendo
1222 2570 1243 2608 ‚
1336 2516 1755 2619 nostrisque
1833 2516 2058 2590 literis
2127 2509 2707 2619 priuilegialibus

523 2619 918 2695 verbaliter
959 2620 1181 2697 inseri
1244 2638 1320 2697 et
1373 2621 1678 2698 inscribi
1727 2617 2115 2718 faciendo,
2174 2646 2313 2722 pro
2355 2620 2517 2727 ipso
2552 2618 2707 2695 ho-

521 2725 767 2831 spitali
817 2732 1245 2830 perenniter
1297 2729 1645 2804 valituras
1705 2726 2182 2822 confirmare,
2236 2723 2710 2802 huiusmodi·

525 2849 678 2938 que
741 2832 1084 2934 legationi
1146 2852 1224 2911 et
1273 2830 1654 2912 donationi
1713 2833 2319 2940 possessionariae
2373 2850 2712 2908 nostrum

523 2939 974 3016 beneuolum
1013 2966 1497 3029 consensum,
1554 2942 1836 3046 pariter
1869 2957 1945 3017 et
1984 2966 2356 3018 assensum
2393 2936 2711 3014 adhibe-
2788 2963 2801 2977 ·

523 3073 648 3142 re,
706 3072 846 3123 nec
883 3075 1036 3124 non
1077 3048 1190 3124 ius
1230 3068 1560 3125 nostrum
1590 3051 1912 3153 regium,
1965 3050 2026 3123 si
2063 3046 2290 3154 quod‘
2314 3048 2389 3121 in
2447 3042 2712 3123 eadem

521 3177 986 3259 possessione
1022 3174 1349 3233 nostram
1395 3173 1887 3232 concerneret
1914 3153 2410 3245 Maiestatem,
2464 3153 2712 3230 eidem

522 3261 887 3364 Hospitali
922 3262 1016 3337 de
1052 3289 1256 3340 nouo
1290 3260 1469 3364 dare
1501 3262 2000 3365 dignaremur.
2042 3262 2374 3350 Quarum
2409 3258 2716 3362 quidem

522 3366 901 3443 literarum
935 3383 1154 3445 tenor
1185 3373 1244 3444 is
1269 3388 1420 3446 est:
1477 3370 1545 3449 N
1567 3395 1666 3445 os
1697 3368 1753 3444 S
1778 3375 1799 3445 i
1827 3396 2039 3444 mon
2084 3369 2273 3443 Auri
2298 3366 2531 3458 faber,
2580 3366 2716 3440 Ju-

521 3474 705 3567 dex‚
780 3475 1154 3562 Ladislaus
1212 3473 1566 3579 Steygar,
1644 3475 1967 3552 Jacobus
2030 3473 2277 3569 Jerul,
2349 3472 2711 3567 Jureher,

521 3583 864 3686 Huppel,
940 3583 1285 3658 Nicolaus
1337 3610 1567 3687 penes
1620 3583 2064 3672 Ecclesiam,
2137 3579 2718 3685 Christophorus

523 3687 943 3774 Druchker‚
998 3690 1347 3766 Nicolaus
1390 3691 1765 3797 Vinlopp‚
1818 3691 2139 3766 Joannes
2169 3689 2405 3765 Kistel
2430 3745 2455 3779 ,
2516 3690 2718 3763 Con-

455 3787 464 3800 ‘
518 3794 740 3870 radus
777 3794 960 3872 Auri
1012 3794 1264 3892 faber,
1303 3797 1678 3873 Henricus
1719 3799 2081 3889 Melczer‚
2116 3796 2463 3871 Nicolaus
2485 3794 2711 3896 Mag-

471 3987 472 3992 ¹
516 3902 696 3993 lter,
753 3901 1009 3979 Petrus
1049 3902 1396 3999 Hulwat,
1455 3922 1530 3979 et
1552 3904 1846 3982 Vlricus
1885 3901 2280 3998 Notarius,
2335 3904 2565 3976 Jurati
2608 3899 2717 3975 ci-

519 4034 648 4084 ues
689 4006 1022 4086 Ciuitatis
1057 4010 1310 4089 Riuuli
1347 4010 1857 4107 dominarum,
1914 4010 2169 4086 dantes
2212 4036 2354 4116 pro
2406 4034 2709 4084 memo-

514 4117 668 4207 ria,
744 4115 1232 4218 significamus
1296 4118 1847 4224 praesentibus,
1923 4120 2199 4217 pariter
2261 4135 2338 4193 et
2387 4112 2660 4191 futuris
2686 4169 2711 4204 ‚

514 4221 855 4300 omnibus
893 4243 970 4303 et
1005 4225 1325 4328 singulis.
1381 4225 1659 4328 quibus
1694 4223 1997 4329 expedit
2030 4227 2418 4301 vniuersis:
2476 4221 2707 4315 Quod
