2926 4849
654 474 805 544 708

544 683 1092 775 commisimus,
1147 703 1288 753 nec
1343 701 1498 751 non
1553 676 1637 750 L.
1689 676 1952 754 floren.
1991 702 2135 781 pro
2178 674 2516 781 partibus
2566 706 2754 761 con-

539 807 1021 878 uocaturum,
1099 787 1229 887 qui
1281 780 1631 876 videlicet
1679 781 1816 860 hos
1856 782 2743 889 florenosprouentuum

537 921 840 1000 semper
890 894 1306 998 respectiue
1353 892 1429 964 in
1467 892 1675 986 omni
1717 890 2092 970 solutione
2141 891 2441 968 annuali
2486 920 2569 969 se
2600 894 2746 973 ha-

537 1001 724 1079 bere
784 1000 1151 1093 debeant,
1206 995 1296 1072 ad
1338 1001 1816 1100 praemissam
1866 1025 2224 1098 summam
2280 997 2745 1080 florenorum

534 1111 614 1186 in
655 1134 883 1204 auro,
939 1130 1025 1183 ac
1078 1108 1366 1186 ratione
1405 1105 1489 1178 L.
1531 1104 1993 1200 florenorum
2032 1123 2496 1210 prouentus,
2555 1127 2749 1209 quot

532 1234 613 1294 et
653 1213 950 1318 quantis
1006 1211 1290 1318 possint
1350 1214 1817 1315 computari,
1895 1239 2084 1290 vnus
2138 1208 2448 1314 quidem
2502 1213 2747 1292 dicto-

534 1350 703 1399 rum
770 1319 1251 1412 florenorum·
1288 1335 1577 1422 potest,
1631 1334 1761 1395 aut
1812 1320 2044 1423 ipsius
2106 1320 2323 1397 valor
2373 1322 2451 1396 in
2504 1349 2772 1418 auro,-

532 1445 768 1534 prout
803 1429 879 1503 in
913 1425 1285 1534 premissis
1326 1443 1676 1530 pomtur,
1732 1427 2027 1503 limitari
2052 1480 2078 1520 ‚
2131 1429 2288 1531 ipse
2327 1427 2760 1506 modernus

532 1536 901 1613 Plebanus
954 1529 1415 1635 ,Stephanus'
1459 1531 1552 1605 ad
1619 1533 2061 1636 petitionem
2138 1550 2218 1611 et
2282 1534 2739 1614 voluntatem

536 1646 916 1747 ipsorum¹
966 1638 1250 1717 ciuium
1293 1637 1668 1714 ‚antefatae
1738 1639 2074 1716 Ciuitatis
2163 1640 2586 1722 voluntarie
2666 1663 2743 1721 et

534 1767 947 1854 spontanee
985 1746 1379 1850 assumpsit
1424 1742 1515 1819 ad
1559 1741 2010 1823 seruandum
2044 1747 2286 1851 ipsum
2330 1748 2740 1827 Rectorem

530 1854 853 1933 Scholae
909 1858 981 1930 iu
1028 1879 1160 1956 sua
1212 1848 1506 1946 tabula,
1559 1878 1693 1929 seu
1730 1863 1982 1938 mensa
2035 1854 2163 1932 tali
2211 1852 2465 1931 medio
2511 1885 2738 1961 prae-

527 1966 653 2041 uie
705 1979 952 2050 tamen
1005 1960 1338 2050 adiecto,
1394 1977 1622 2062 prout
1675 1987 1818 2037 nec
1882 1962 2043 2066 ipse
2099 1960 2506 2039 modernus
2561 1962 2731 2041 Ste-

532 2069 822 2176 phanus
873 2065 1253 2142 Plebanus·
1292 2081 1591 2159 noster,
1648 2071 1758 2166 sic·
1803 2093 1945 2143 nec
1988 2068 2101 2144 sui
2157 2092 2624 2147 successores
2659 2073 2737 2150 in

530 2177 657 2252 tali
695 2201 911 2251 more
958 2175 1187 2278 ipsius
1219 2198 1525 2249 mensae
1567 2177 1852 2251 ratione
1875 2177 2222 2255 Rectoris
2249 2170 2571 2254 scholae
2603 2205 2741 2281 per

531 2285 772 2388 ipsum
827 2298 1322 2384 consumptae
1356 2306 1500 2384 per
1544 2280 1854 2358 modum
1893 2281 2365 2383 obligationis
2403 2284 2742 2381 valeant,

527 2391 836 2495 insuper
876 2385 1157 2465 debent
1198 2410 1357 2463 esse
1396 2385 1880 2465 administrati
1923 2379 2389 2493 temporibus
2427 2390 2740 2493 quibus·

531 2520 832 2600 cunque
873 2495 1332 2573 successiuis.
1423 2493 1509 2570 In
1566 2500 1778 2572 cuius
1823 2497 1937 2572 rei
1978 2493 2282 2572 euidens
2328 2502 2737 2576 testimoni-

528 2629 660 2678 um
727 2600 967 2703 sigillo
1015 2600 1370 2687 videlicet
1429 2619 1689 2679 nostro
1754 2601 2191 2681 Ciuitatensi
2219 2657 2242 2694 ,
2296 2620 2374 2679 et
2430 2603 2737 2682 Domini

531 2707 841 2785 Plebani
883 2707 1122 2782 nostri
1177 2705 1514 2782 similiter
1566 2710 1903 2812 partibus
1958 2711 2347 2815 impresso.
2458 2711 2735 2791 Datum

534 2818 614 2890 in
677 2813 999 2903 Cibinio
1036 2812 1370 2914 praefato
1415 2813 1602 2890 feria
1657 2834 1923 2919 quarta
1978 2817 2321 2922 proxima
2376 2834 2551 2894 ante
2612 2822 2735 2897 fe-

533 2939 726 2998 stum
749 2922 1027 3013 Mariae
1058 2918 1544 3022 Magdalenae
1569 2922 1788 3001 Anno
1811 2923 2112 2999 Domini
2134 2924 2733 3002 MCDXXXV.“

615 3063 841 3121 Sensus
872 3052 1152 3139 pluribus
1184 3053 1330 3115 locis
1360 3053 1664 3116 obscurus
1700 3063 1764 3117 et
1806 3053 2217 3141 incompletos
2239 3060 2364 3120 est:
2392 3057 2568 3141 qnod
2603 3081 2735 3122 non

725 3176 936 3219 exesae
994 3152 1388 3223 membranae
1408 3194 1429 3223 ‚
1495 3151 1605 3217 sed
1648 3153 1884 3219 scxibae
1940 3156 2169 3241 publici
2218 3157 2580 3224 osciuntine
2639 3170 2732 3224 at-

731 3256 1053 3322 trilmeris··
1083 3260 1383 3341 Wagner.
1422 3261 1596 3322 Com·
1627 3263 1810 3322 Saros
1837 3281 1898 3345 p.
1934 3259 2208 3324 4⁷5-6.

1393 3413 1860 3491 CCCXXIX.

537 3561 811 3621 Nicotaus
838 3516 1232 3632 ‚Praaepoos‘ms
1251 3589 1271 3619 2
1350 3560 1622 3615 Vican’su
1679 3550 1958 3634 Episcopi
2006 3564 2310 3637 Agrianas}
2353 3572 2730 3640 praemissam

728 3654 1181 3709 “amasionum
1207 3649 1474 3714 ratificat
1505 3662 1560 3705 st
1589 3654 1954 3717 transcribit.
1998 3656 2066 3710 A.
2107 3656 2264 3712 1435.

732 3764 1084 3849 Nicolaus
1114 3766 1611 3865 Decretorum
1648 3762 1969 3849 Doctor,
2024 3765 2498 3873 Praepositus
2546 3776 2729 3854 Bea-

403 3954 415 3967 ,
540 3894 659 3955 tae
709 3871 997 3971 Mariae
1050 3869 1424 3976 Virginis,
1500 3868 1920 3947 Canonicus
1973 3871 2344 3953 Ecclesiae
2403 3877 2729 3985 Agrion-

418 3976 425 3987 ’
540 3985 686 4078 sis,
741 3993 968 4067 nostri
1001 3971 1429 4081 Renes-endi
1489 3978 1567 4051 in
1603 3972 1902 4055 Christo
1947 3978 2182 4057 Patris
2238 3985 2541 4062 Domini
2575 3986 2724 4064 Pe-

537 4090 638 4190 tri
680 4087 777 4165 de
814 4088 1182 4189 Bozgony
1226 4082 1557 4161 eiusdem
1606 4083 1984 4162 Ecclesiae
2032 4089 2426 4198 Episcopi,
2481 4096 2722 4173 Vica-

538 4196 693 4273 rim
742 4197 837 4271 in-
870 4190 1399 4298 spiritualibus
1438 4191 1876 4294 'generalis,·
1907 4192 2395 4299 significamus
2455 4217 2718 4279 tenone
