2926 4849
2133 469 2280 559 327

219 690 380 796 ipsa
412 685 562 770 ‘non
591 711 1029 795 cognoscat,
1085 724 1163 773 se
1188 753 1211 793 ,
1248 713 1375 772 ant
1411 702 1641 801 ipsam
1688 697 2074 774 ecclesiam
2095 753 2118 792 ,
2159 696 2381 774 alicui

217 791 547 876 vesti-unit
559 803 1171 903 ,premissorum
1211 808 1600 880 occasione
1626 861 1649 894 ‚
1710 806 1786 878 in
1821 793 2079 903 aliquo‘
2110 803 2383 908 obliga·

212 909 286 979 ri.
333 904 420 980 Si
462 924 703 982 tamen
736 911 1135 1012 superinde
1176 911 1311 985 tibi
1349 912 1696 987 aduersus
1729 911 1969 1013 ipsum
2003 910 2382 1013 Archiepi-

212 1036 514 1116 scopum
554 1034 677 1089 aut
712 1014 1144 1093 Ecclesiam·
1179 1019 1511 1093 eiusdem
1558 1020 2012 1121 praedictam
2060 1019 2377 1096 ,omnino

213 1119 333 1192 Jus
378 1139 805 1224 competere
843 1124 1366 1226 pretenderes,
1419 1129 1578 1227 ipse
1615 1125 2242 1227 Archiepiscopus
2304 1127 2379 1199 in

215 1221 398 1298 dicta
427 1229 909 1329 responsione
944 1249 1276 1332 paratum
1320 1253 1400 1307 se
1443 1230 1844 1323 obtulerit,
1901 1237 2100 1307 iuxta
2153 1228 2378 1305 liber·

212 1346 383 1406 tates
442 1335 867 1438 principum
923 1336 1129 1412 Sacri
1171 1339 1507 1413 ¹Romani
1556 1340 1861 1441 Imperii
1917 1363 2170 1412 coram
2229 1341 2376 1411 suis

211 1441 637 1519 consiliariis
683 1460 873 1516 stare
912 1445 1112 1539 Juri3
1161 1471 1421 1521 verum
1471 1445 1662 1520 sicut
1696 1447 2152 1546 accepimus,
2207 1461 2375 1546 post

213 1545 516 1621 eandem
554 1541 1110 1652 responsionem
1145 1550 1322 1644 tibi,
1378 1566 1457 1626 vt
1491 1551 1985 1653 praemittitur
2036 1551 2369 1627 raciona-

209 1648 451 1727 biliter
472 1653 765 1728 factam
801 1657 1137 1731 nonnulli
1166 1659 1571 1761 iniqnitatis
1601 1675 1923 1745 actores,
1955 1661 2127 1756 qui,
2150 1676 2228 1732 vt
2263 1682 2371 1730 as-

209 1777 491 1852 serunt,
547 1764 652 1836 tui
679 1761 1080 1838 familiares
1097 1766 1469 1852 existant,
1524 1764 1999 1864 coassumptis
2033 1764 2173 1837 sibi
2213 1788 2365 1838 cer-

209 1867 285 1939 tis
329 1866 766 1969 proditoriis
811 1863 1326 1973 eomplicibus,
1371 1868 1956 1943 vicedominoin
1984 1865 2365 1968 -Leybnicz

195 1987 274 2045 et
311 1973 756 2075 quibusdam
794 1975 952 2050 aliis
988 1977 1296 2079 praefati
1348 1975 2034 2077 Archiepiepiscopi
2094 1975 2365 2052 Castel-

206 2073 374 2154 lanis
415 2107 506 2156 ac
542 2081 981 2174 Nobilibus,
1040 2083 1519 2159 clandestinas
1574 2081 2361 2186 posuerunt.insidia5‚

205 2198 708 2290 attemptantes
724 2188 882 2264 illos
919 2192 993 2263 in
1029 2187 1352 2265 Mat-chia
1377 2186 1600 2265 Stiria
1634 2186 2004 2270 inuadere,
2027 2213 2363 2290 compre·

195 2286 564 2390 bendere,
617 2307 858 2396 atque
896 2299 1229 2399 captiuos
1259 2296 1413 2370 sibi
1470 2292 1873 2370 adducere·
1919 2293 2010 2368 Et
2066 2294 2161 2368 ad
2226 2292 2362 2370 hec

205 2399 537 2503 nepharia
574 2403 1068 2517 perpetranda
1103 2429 1237 2507 per
1272 2421 1345 2479 te
1378 2402 1720 2480 destinati
1750 2399 2066 2497 fuerint3
2107 2399 2356 2476 dicen·

207 2518 295 2579 tes
328 2511 551 2583 etiam
586 2536 975 2612 expresse,
1034 2513 1202 2586 talia
1227 2509 1504 2597 ,fecisse
1543 2537 1637 2585 ex
1673 2535 1806 2609 eo,
1862 2510 2033 2610 quia
2075 2526 2150 2582 tu
2190 2534 2359 2584 con-

203 2624 295 2684 tra
330 2613 618 2690 dictum
659 2616 1316 2721 Archiepiscopum
1370 2604 1454 2690 ‘et
1504 2616 1909 2692 Ecclesiam
1958 2612 2349 2690 Salczbur-

203 2738 481 2816 gensem
515 2748 609 2798 ex
635 2740 868 2826 parte*
899 2724 1295 2828 supradicti
1359 2724 1661 2798 Marsilii
1690 2720 1959 2795 habeas
1998 2724 2351 2812 actiones,

205 2847 330 2925 que
371 2830 676 2932 quidem
699 2830 1010 2904 nefanda
1049 2847 1251 2934 gesta
1270 2864 1296 2917 ‚·
1328 2831 1387 2903 si
1434 2829 1676 2905 taliter
1702 2855 1780 2903 se
1815 2827 2172 2920 habeant,
2205 2827 2355 2902 ani-

202 2953 376 3006 mum
397 2954 736 3013 nostrum
761 2938 1020 3037 contra
1058 2956 1129 3012 te
1154 2937 1243 3010 ad
1265 2959 1568 3038 grauem
1594 2928 2183 3036 indignacionem
2204 2961 2353 3017 non

195 3035 558 3118 ini‘merito
596 3056 1511 3146 poterunt'commouere,
1551 3059 1626 3116 et
1663 3068 1756 3117 eo
1780 3037 2171 3143 amplius,
2198 3064 2351 3141 quo

197 3143 344 3219 talia
378 3162 545 3224 acta
573 3168 745 3227 sunt
767 3169 1054 3225 *contra
1075 3149 1477 3226 Ecclesiam
1501 3205 1520 3242 ,
1552 3165 1651 3223 ⁴et
1681 3172 2071 3251 personam
2095 3199 2116 3237 ,
2166 3170 2347 3249 quas

190 3246 457 3353 'dudu'm
497 3274 670 3330 cum
700 3257 1041 3335 omnibus
1075 3255 1718 3335 suisdominiis‘et
1756 3253 1970 3328 bonis
2001 3251 2344 3353 subspe·

197 3356 444 3465 ⁸‹zialem'
497 3376 827 3437 nostram
882 3365 1426 3466 protectionem
1490 3361 1984 3461 suscepimus,
2045 3375 2120 3432 et
2159 3382 2344 3459 pro·

199 3468 688 3543 nt‘notorium
757 3472 866 3547 est
887 3474 934 3559 ,³
970 3495 1272 3573 semper
1312 3494 1564 3543 sumus
1620 3464 2111 3569 singularibus
2168 3486 2349 3564 gra-

193 3567 368 3645 'tiiset
425 3588 432 3597 '
464 3568 851 3652 fauoribus
950 3577 1366 3681 prosecutis
1459 3575 1940 3677 Quapropter
2039 3567 2345 3644 fidelita-

197 3685 320 3749 tem
353 3690 556 3755 tua'm'
596 3685 1166 3784 requirimus‘et
1231 3703 1619 3757 monemus
1646 3734 1666 3770 ,
1727 3681 2011 3780 tibique
2063 3674 2341 3751 serioso

197 3801 422 3861 nostro
447 3786 673 3890 'regio
696 3790 835 3863 sub
871 3805 1276 3890 praecepto
1311 3787 1638 3862 districte
1679 3783 2132 3872 mandamus,
2167 3802 2343 3883 qua·

198 3892 380 3965 t‘edus
418 3895 865 3995 prelibatum
905 3894 1575 3996 Archiepiscopum
1624 3910 1701 3967 et
1753 3893 1906 3964 eius
1960 3886 2343 3963 ecclesiam

196 3992 317 4067 n'ec
360 4012 508 4074 no‘n
541 3997 918 4096 homines,
968 4019 1243 4091 terras,
1302 3997 1625 4075 dominia
1654 4051 1675 4089 ,
1745 4013 1824 4071 et
1876 3994 2070 4071 bona
2116 4018 2342 4097 quae-

198 4117 467 4203 cunque
516 4107 930 4185 nullatenus
979 4104 1321 4198 inuadas,
1394 4104 1693 4194 turbes,
1767 4130 1895 4178 seu
1952 4101 2336 4203 molestes,
2456 4101 2464 4109 ’

202 4218 408 4298 perte
437 4214 552 4288 vel
585 4213 806 4292 alium
828 4266 849 4307 ‚
905 4242 1035 4291 seu
1079 4212 1260 4291 alios
1292 4210 1573 4289 directe
1614 4210 1731 4288 vol
1763 4207 2150 4300 indirecte,
2205 4233 2341 4308 pu·
2464 4212 2467 4213 ’
