2926 4849
1548 473 1589 496 Q

737 503 893 575 644

565 711 573 716 ”
617 711 906 790 atellani
949 710 1132 784 dicti
1171 709 1390 782 ccstri
1447 708 1677 784 nostri
1726 706 2226 802 PosoniensiS,
2278 707 2742 812 peripsumin

618 818 992 897 nonnullis
1054 814 1329 908 nostris
1386 829 1460 887 et
1509 836 1907 913 regnorum
1960 831 2401 891 nostrorum
2435 810 2656 887 arduis
2685 837 2740 883 a·

616 922 876 1029 gendis
944 940 1019 998 et
1067 917 1720 1025 expeditionibus,
1797 920 2009 995 sicuti
2072 922 2489 1025 prosperis,
2554 920 2645 992 sic
2687 932 2742 990 et
2794 993 2799 1006 .

609 1031 983 1121 aduersis,
1037 1028 1178 1103 sub
1225 1026 1565 1102 locorum
1616 1042 1694 1100 et
1728 1042 2152 1130 temporum
2191 1030 2574 1116 varietate,
2620 1048 2738 1127 spe·

610 1140 1047 1241 cialiterque
1093 1137 1174 1209 in
1212 1134 1523 1210 diuersis
1569 1133 1837 1209 nostris
1879 1136 2454 1212 exercitualibus
2490 1129 2739 1234 expedi÷

609 1243 983 1339 tionibus,
1057 1259 1205 1316 tam
1275 1258 1537 1315 contra
1610 1239 2074 1318 saeuissimus
2137 1240 2465 1333 Tomos,
2531 1238 2740 1313 Crucis

483 1439 492 1449 ,
605 1348 878 1432 Christi
925 1364 1492 1455 persecutores,
1549 1370 1773 1449 quam
1809 1349 2042 1423 eciam
2085 1347 2597 1454 perfidissimos
2631 1339 2739 1418 He·

607 1458 888 1537 reticos
938 1457 1292 1530 Hussitas·
1334 1469 1411 1528 et
1477 1451 1914 1528 Thaboritas
1970 1456 2058 1527 'in
2127 1470 2503 1558 praetacto
2556 1475 2738 1554 regno

444 1659 453 1675 ,
503 1591 504 1594 ’
603 1583 863 1644 nostro
917 1561 1326 1655 Bohemie,
1380 1543 1495 1634 ac‘
1526 1555 2046 1636 Marchionatu
2108 1557 2493 1651 Morauie,
2543 1585 2581 1633 ι
2620 1581 2736 1631 non

603 1672 860 1778 paucis
901 1667 1362 1774 temporibus
1401 1664 1879 1769 pullulantes,
1940 1669 2076 1742 Dei
2125 1662 2203 1743 et
2246 1687 2535 1746 nostros
2572 1678 2739 1742 noto-

603 1783 753 1856 rios
786 1775 1117 1854 infideles
1160 1791 1235 1849 et
1289 1772 1609 1847 rebelles
1634 1824 1657 1865 ‚
1712 1776 1934 1849 variis
1983 1775 2447 1880 temporibus
2486 1799 2610 1880 per
2638 1792 2738 1845 uos

595 1903 684 1995 [ει
722 1902 1015 1961 nostros
1045 1877 1455 1984 regnicolas
1480 1878 1928 1964 ,instauratis
1967 1891 2055 1956 ac'
2087 1883 2328 1960 eciam
2380 1886 2451 1958 in
2484 1902 2739 1956 conser-

602 1995 920 2069 uacione
962 1989 1141 2065 dicti
1186 1987 1407 2065 castri
1447 1989 1681 2068 nostri
1705 1988 2188 2092 ¹posoniensis
2212 2044 2234 2084 ,
2297 2018 2450 2066 non
2489 1993 2738 2093 parces-

605 2098 707 2176 do
743 2096 963 2176 rebus
997 2099 1146 2171 suis
1179 2112 1258 2171 et
1294 2118 1612 2200 persone
1636 2149 1659 2187 ,
1715 2118 1886 2169 cum
1915 2120 2200 2171 summa
2244 2093 2584 2173 fidelitate
2613 2117 2738 2168 ma·

603 2207 853 2296 iestati,
901 2218 1162 2279 nostre
1220 2217 1296 2277 et
1347 2201 1558 2275 sacre
1598 2201 1828 2303 ipsius
1873 2205 2081 2303 regni
2129 2205 2369 2280 nostri
2422 2197 2738 2300 Hungarie

604 2336 946 2405 corone,
983 2306 1324 2384 exhibitis
1382 2324 1458 2383 et
1515 2307 1916 2412 impensis,
1968 2327 2209 2385 totum
2266 2329 2347 2388 et
2404 2313 2606 2385 omne
2656 2303 2740 2378 ius

603 2436 949 2501 nostrum
987 2417 1321 2522 regium,
1380 2440 1832 2519 omnemque
1887 2414 2065 2491 iuris
2109 2420 2655 2525 proprietatem,
2694 2406 2739 2485 εἰ
2780 2480 2787 2491 .

608 2524 819 2630 quod
871 2543 950 2601 et
998 2551 1220 2628 quam
1274 2522 1352 2597 in
1402 2522 1877 2626 praescriptis
1932 2521 2514 2628 possessionibus
2547 2522 2739 2621 Nagy·

608 2631 871 2722 Misle,
924 2628 1352 2711 Kis-Misle‚
1411 2626 1798 2717 Kisfalud,
1855 2630 2160 2733 Balogd,
2215 2632 2585 2721 etolsva,
2633 2647 2738 2701 nec

608 2763 764 2813 non
805 2736 1157 2812 Poroszlo
1212 2749 1286 2809 et
1322 2734 1513 2810 Jano
1567 2736 1891 2832 voeatis,
1946 2753 2022 2811 et
2062 2736 2458 2829 medietate
2512 2754 2737 2837 posses-

607 2843 835 2920 sionis
868 2839 1115 2917 Mirck
1154 2841 1576 2928 nominate,
1635 2841 2104 2919 comitatibus
2146 2846 2225 2918 in
2267 2841 2648 2950 praedictis
2673 2835 2737 2913 si·

610 2952 874 3043 tuatis,
934 2976 1069 3054 per
1123 2964 1491 3051 pretactos
1531 2947 2047 3053 progenitores
2102 2955 2497 3031 memorati
2549 2945 2770 3048 Sigisr

495 3148 503 3157 .
608 3056 869 3133 mundi
927 3072 1005 3129 et
1053 3051 1366 3131 fratrum
1433 3081 1736 3132 suorum
1806 3056 2127 3135 antefate
2189 3056 2620 3166 Repositure
2666 3047 2737 3126 do

581 3160 1090 3266 ‘Nagy-fMisle
1131 3161 1355 3254 datis,
1409 3181 1492 3237 vt
1529 3162 1954 3266 prefertur,
2011 3179 2085 3239 et
2129 3157 2735 3271 appropriatis-,jn

611 3296 933 3374 quorum
995 3266 1308 3373 pacifico
1365 3267 1702 3346 dominio
1748 3267 2079 3375 prefatus
2121 3269 2617 3374 sigismundus
2656 3259 2736 3335 di·

609 3396 807 3452 ctam
865 3373 1413 3479 Preposituram
1468 3402 1598 3452 seu
1655 3374 2059 3453 Ecclesiam
2118 3379 2211 3454 de
2276 3378 2469 3456 dicta
2522 3376 2734 3473 Nagy-

609 3482 865 3573 Misle,
935 3499 1012 3557 et
1070 3500 1616 3583 consequenter
1670 3481 2191 3561 honorabilem
2239 3487 2483 3561 virum
2532 3472 2735 3557 Domi·

609 3616 789 3664 num
832 3588 1270 3664 Damianum
1313 3588 1763 3665 modernum
1804 3588 2271 3694 Prepositum
2307 3590 2617 3669 eiusdem
2633 3581 2733 3657 Ec·

607 3695 834 3773 clesie
874 3721 1169 3798 semper
1188 3723 1230 3770 a
1260 3712 1599 3800 tempore
1637 3696 2062 3774 collacionis
2093 3702 2621 3801 possessionum
2652 3713 2736 3763 en·

583 3802 954 3895 ,rumdem
990 3802 1390 3906 perstitisse
1412 3857 1435 3895 ,
1492 3821 1567 3878 et
1595 3829 1796 3878 nunc
1830 3805 2241 3908 persistere
2265 3807 2551 3891 asserit,
2603 3819 2740 3899 qm·

611 3907 1091 4011 litercunque
1146 3907 1626 4003 haberemus,
1715 3925 1792 3984 et
1841 3913 2167 3986 nostram
2231 3912 2742 4016 quibuscunque

612 4016 899 4109 modis,
972 4018 1205 4093 causis
1266 4033 1343 4093 et
1426 4015 1849 4093 racionibus
1907 4037 2399 4097 concerneret
2453 4014 2737 4125 maieslnf

616 4139 763 4197 tem
792 4176 813 4215 ,
866 4124 1081 4201 simul
1122 4148 1294 4199 cum
1348 4122 1735 4199 Vniueisis
1776 4124 1929 4199 suis
1971 4125 2399 4204 vtilitatibus
2438 4141 2509 4201 et
2553 4127 2740 4229 pest?

616 4231 896 4307 neuciis
949 4228 1434 4336 quibuslibet,
1492 4233 1709 4309 terris
1759 4229 2039 4309 scilicet
2088 4231 2529 4326 arabilibus,
2573 4218 2740 4303 cult!⁸
