2926 4849
579 471 582 475 “
622 512 775 581 488

515 714 907 822 inuigilare
932 773 963 811 „
988 717 1414 823 cupientes,
1444 714 1694 792 habita
1726 712 2161 792 eorumdem
2205 714 2722 800 praelatorum
2755 731 2762 738 '

516 841 595 901 et
630 827 1001 900 Bai-onum
1039 842 1793 902 nostrorum.matura
1823 822 2363 898 deliberatione
2386 880 2404 904 ‚
2461 821 2721 897 fideli-

517 934 646 1008 tati
683 935 970 1007 vestrae
1006 931 1319 1009 firmiter
1351 931 1878 1036 praecipiendo
1916 930 2344 1006 mandamus
2371 986 2394 1023 ‚
2441 948 2719 1033 *quate-

517 1065 654 1113 nus
710 1040 972 1139 agnitis
1028 1043 1526 1144 praesentium
1576 1039 2099 1129 continentiiS,
2172 1063 2309 1139 per
2376 1038 2718 1137 publicas

514 1145 1138 1249 proclamationes
1181 1174 1256 1219 in
1299 1146 1481 1221 soris
1511 1164 1586 1221 et
1624 1141 1779 1220 aliis
1813 1145 1994 1219 locis
2034 1143 2340 1246 publicis
2384 1141 2719 1243 promul-

512 1254 667 1352 gari
709 1249 1027 1344 faciati8‚
1082 1270 1161 1326 vt
1194 1251 1435 1326 nullus
1486 1253 1793 1326 omnino
1850 1247 2230 1326 hominum
2284 1247 2719 1323 huiusmodi

511 1357 763 1459 fruges
800 1358 1143 1435 et-Blada
1182 1359 1591 1435 extraehoc
1629 1384 1945 1460 regnum
1996 1375 2337 1432 nostrum
2386 1356 2716 1431 educ-ere

509 1482 953 1569 praesumat.
1011 1468 1100 1540 In
1138 1493 1310 1541 casu
1348 1484 1598 1539 autem
1637 1491 1792 1566 quo
1854 1465 2083 1566 aiiqui
2143 1464 2420 1538 fuerint
2476 1458 2721 1537 rebel—

514 1574 645 1664 leS,
693 1574 826 1675 qui
868 1565 1131 1648 contra
1154 1570 1575 1653 huiusmodi
1604 1576 1939 1646 nostrum
1967 1597 2052 1648 ac
2091 1569 2462 1648 dictorum
2493 1572 2714 1643 Prae-

516 1678 842 1752 latorum
889 1677 981 1756 et'
1013 1678 1389 1753 Baronum
1452 1696 1884 1756 nostrorum
1939 1673 2466 1765 interdictum,
2525 1679 2719 1781 ipsas

514 1786 764 1888 fruges
804 1783 1209 1890 exportare
1249 1782 1567 1880 vellent,
1623 1785 1802 1859 tales
1839 1786 2059 1862 etiam
2120 1809 2261 1887 per
2290 1781 2717 1860 huiusmodi

480 1893 493 1982 J
513 1887 816 1992 frugum
845 1888 1480 1995 exportandarum
1507 1910 1583 1967 et
1613 1891 2163 1967 educendarum
2203 1891 2720 1993 receptionem

516 2015 593 2072 et
627 1996 1080 2073 ablationem
1106 2055 1126 2091 ‚
1184 1997 1247 2071 si
1270 2023 1589 2098 necesse
1629 1995 1894 2090 fuerit,
1950 1995 2189 2072 modis
2224 1998 2566 2072 omnibus
2601 2000 2721 2072 in-

516 2102 822 2198 hibere,
879 2103 1237 2201 cernere,
1291 2101 1882 2210 refroenareque
1934 2122 2007 2179 et
2043 2125 2525 2206 compescere
2569 2102 2722 2178 de-

518 2211 776 2287 beatis.
810 2208 1050 2286 Secus
1076 2237 1230 2286 non
1273 2208 1641 2287 facientes
1673 2215 1746 2286 in
1785 2212 2221 2311 praemissis.
2261 2211 2428 2287 Hoc
2474 2230 2720 2285 tamen

520 2335 692 2394 ante
722 2345 1022 2392 omnem
1055 2320 1576 2393 executionem
1619 2319 2072 2423 competenti
2126 2320 2483 2422 temporis
2536 2344 2722 2422 spa-

522 2428 629 2503 tio
668 2426 740 2499 in
783 2422 966 2525 foris
1008 2445 1084 2501 et
1120 2423 1275 2499 aliis
1312 2424 1496 2500 locis
1518 2421 1831 2529 publicis
1869 2424 2209 2501 volumus
2245 2453 2385 2530 per
2421 2451 2556 2500 vos
2587 2452 2722 2528 pa-

523 2534 671 2606 lam
712 2532 1157 2634 proclamari
1190 2531 1435 2621 facere
1476 2549 1552 2607 et
1604 2532 2082 2635 promulgari.
2141 2534 2415 2608 Datum
2463 2530 2722 2608 Budac

524 2634 910 2712 Sabbatho
940 2639 1294 2741 proximo
1332 2655 1505 2743 post
1550 2636 1822 2714 festum
1858 2639 1941 2713 Β.
1976 2635 2353 2714 Michaelis
2393 2638 2723 2714 Archan-

398 2792 401 2799 -
527 2742 693 2848 geli.
746 2742 976 2820 Anno
1019 2744 1322 2819 Domini
1349 2738 1748 2820 Millesimo
1785 2744 2558 2850 quadringentesimo,
2592 2749 2728 2823 tri-‘

532 2850 813 2928 cesima
844 2850 1086 2927 tertio.
1145 2851 1587 2954 Regnorum
1631 2870 2062 2930 nostrorum
2111 2855 2335 2926 Anno
2400 2851 2725 2956 Hunga-

527 2957 684 3034 riae
731 2954 1301 3060 quadragesimo
1343 2982 1432 3034 se
1487 2960 1712 3050 timo‚
1785 2961 2298 3034 Romanorum
2359 2960 2725 3060 vigesimo

531 3078 847 3169 quarto,
918 3062 1321 3141 Bohemiae
1372 3066 1443 3139 X
1487 3065 1576 3140 V.
1647 3064 1955 3170 Imperii
2014 3088 2197 3140 vero
2245 3067 2565 3170 primo.“
2620 3063 2721 3142 L.

436 3212 442 3216 ·
529 3169 771 3275 Sigiui
809 3166 1034 3247 dorso
1065 3169 1430 3276 impressi.
1543 3200 1544 3203 ¹

523 3333 543 3375 ‚-
614 3300 663 3360 E
698 3294 842 3360 coll.
882 3297 1127 3361 loannis
1154 3295 1371 3371 ezech·

662 3566 665 3573 .
840 3540 845 3547 ,
1459 3400 1782 3529 ccvm.

530 3595 655 3650 Rex
690 3593 1036 3652 Moldam'ae·
1074 3596 1142 3651 A.
1185 3594 1343 3653 1437.

720 3707 1058 3798 [Ater-ae,
1115 3705 1395 3812 quibus
1451 3724 1650 3782 terra
1700 3703 2134 3811 Sepinensis
2191 3732 2365 3784 cum
2415 3706 2724 3785 arcibus

531 3831 609 3891 et
651 3814 948 3920 oppidis
986 3810 1359 3915 Chocym,
1417 3811 1695 3888 Czenin
1735 3832 1810 3889 et
1843 3813 2254 3889 Chmielow
2302 3813 2724 3890 Wladislao

525 3923 715 4024 Regi
744 3940 823 3999 et
852 3947 1087 4023 regno
1127 3918 1484 3997 Poloniae
1519 3920 1613 3993 ab
1656 3921 1867 3997 Helia
1907 3918 2232 3996 Palatino
2265 3916 2729 4005 Moldauiae,

521 4029 603 4106 in
643 4029 793 4103 vim
849 4029 1475 4132 compensationis
1540 4026 1980 4103 damnorum
2023 4054 2161 4131 per
2206 4026 2733 4105 Alexandrum

352 4206 355 4215 ,
440 4153 448 4163 “
517 4134 811 4223 Patrem
850 4161 1068 4212 suum
1093 4192 1114 4230 ,
1168 4136 1249 4211 in
1282 4133 1734 4211 Colomiensi
1779 4152 1857 4210 et
1901 4132 2349 4211 Sniatinensi
2399 4130 2727 4212 territo-

514 4244 644 4318 riis
672 4238 1057 4338 datorum,
1112 4240 1451 4320 redditur
1508 4237 2177 4345 cum³obligatione
2229 4242 2725 4321 restitutionis
