2926 4849
735 516 772 579 τ
785 484 883 582 34

626 742 806 811 tam,
868 721 1038 819 quia
1069 720 1371 792 eaedem
1414 722 1796 823 portiones
1819 723 2428 820 possessionariae
2467 741 2536 798 et
2571 747 2726 825 prae·

626 832 745 903 dia
789 830 972 928 ipsis
1017 827 1271 926 vigore
1317 826 1859 902 Instrumentali
1897 830 2399 928 pertinerent,
2452 859 2618 933 quae
2649 831 2724 901 ln·

623 951 1027 1011 strumenta
1110 931 1304 1036 apud
1362 960 1619 1008 manus
1687 933 1956 1009 nobilis
2039 932 2399 1011 Dominae
2465 937 2725 1011 Relictae

624 1040 941 1117 condam
976 1039 1277 1143 Georgii
1320 1039 1453 1137 filii
1503 1040 1679 1115 Jose
1719 1040 1813 1114 de
1861 1039 2052 1113 dicta
2089 1039 2371 1117 Bathor
2419 1044 2723 1117 haberen-

624 1168 786 1242 tur,
842 1172 1034 1251 quae
1073 1142 1165 1220 ab
1203 1146 1461 1221 eadem
1500 1144 1918 1221 rehabenda
1956 1149 2030 1219 in
2076 1148 2430 1223 Termino
2461 1146 2722 1222 ulteriori

517 1289 524 1297 ·
622 1255 1130 1361 promisissent
1156 1308 1176 1345 ‚
1235 1272 1475 1328 essent
1515 1273 1590 1328 et
1626 1253 1890 1357 parati·
1982 1251 2198 1327 Unde
2239 1253 2350 1329 his
2391 1253 2724 1356 praeceptis

562 1455 569 1461 .
623 1361 1148 1466 praescriptam
1196 1360 1506 1434 Causam
1546 1363 1738 1435 inter
1778 1377 2191 1435 annotatam
2243 1364 2616 1437 Dominam
2645 1359 2716 1430 Α·

619 1470 962 1550 ctricem,
1019 1465 1113 1540 ab
1172 1495 1356 1555 una,
1421 1493 1561 1540 nec
1610 1492 1759 1539 non
1822 1470 2314 1570 praescriptos
2366 1470 2437 1542 in
2485 1469 2719 1542 Causam

620 1592 965 1650 attractos
1007 1573 1102 1646 ab
1143 1572 1278 1646 alia
1318 1574 1407 1648 ad
1446 1591 1742 1650 octavas
1780 1574 1978 1647 Festi·
2011 1577 2210 1661 Beati
2256 1576 2554 1680 Georgii
2580 1572 2717 1646 Mar·

622 1684 804 1783 tyris
854 1683 928 1755 in
973 1680 1201 1755 altera
1240 1682 1712 1757 revolutione
1749 1680 2237 1756 a'nnualitune
2277 1685 2561 1757 venturi
2583 1677 2719 1751 idem

622 1787 985 1864 Palatinus
1043 1812 1451 1892 prorogans
1504 1787 1990 1864 commisisset
2043 1814 2134 1864 eo
2179 1788 2452 1881 modo,
2520 1805 2585 1861 ut
2624 1811 2717 1856 an-

620 1899 846 1970 notati
912 1891 1330 1997 Stephanus
1390 1892 1584 1972 filius
1643 1893 1991 1969 Stanizlai
2055 1914 2127 1971 et
2187 1897 2543 1999 Georgius
2591 1889 2716 1964 filius

618 2001 921 2076 ,loannis
970 1998 1063 2074 de
1101 1999 1383 2075 Bathor
1430 2002 1805 2076 universas
1858 2001 2217 2090 Litteras,
2282 2001 2598 2076 Literalia
2625 1994 2704 2067 In-

617 2116 1069 2199 strumenta,
1127 2111 1410 2208 siquas
1466 2126 1543 2182 et
1598 2103 1787 2211 qu'ae
1836 2108 1911 2182 iu
1974 2112 2388 2211 praemissis
2440 2107 2712 2181 haherent

616 2212 984 2289 confectas
1015 2231 1090 2287 et
1131 2232 1500 2307 emanata,
1557 2212 1805 2289 medio
1842 2233 2176 2316 tempore
2221 2215 2476 2291 eadem
2510 2207 2713 2287 Domi·

616 2351 706 2394 na
748 2321 1228 2424 per'modum
1265 2321 1717 2413 Juridicum,
1775 2337 1898 2395 aut
1944 2321 2166 2394 alium
2200 2378 2220 2415 ,
2281 2351 2499 2426 quem
2541 2328 2717 2421 posset

618 2426 1054 2524 rehabendi,
1116 2432 1193 2502 in
1234 2428 1445 2501 dictis
1474 2421 1762 2502 'octavis
1793 2429 1963 2503 festi
2003 2430 2212 2504 Beati
2254 2430 2546 2533 Georgii
2575 2421 2715 2496 Mar·

618 2538 795 2635 tyris
858 2561 1112 2609 coram
1195 2532 1476 2619 Eodem
1540 2535 1872 2609 Palatino
1941 2534 2295 2614 exhibere
2365 2546 2716 2613 tenerentur

615 2642 1025 2741 praemissis
1068 2640 1390 2713 dictante
1417 2643 1460 2712 J
1467 2645 1613 2714 uris
1652 2643 2050 2739 aequitate,
2107 2673 2147 2723 a
2185 2646 2455 2743 quibus
2486 2634 2714 2743 quidem

493 2806 496 2809 n
613 2749 933 2837 octavis,
990 2747 1165 2821 dum
1203 2747 1359 2848 ipsa
1397 2746 1968 2824 instrumentalis
2007 2749 2371 2826 exhibitio
2402 2766 2612 2855 partes
2641 2743 2712 2812 in*

612 2871 727 2927 ter
772 2853 1068 2929 easdem
1101 2849 1502 2927 secundum
1548 2854 1773 2929 series
1818 2856 2233 2931 Literarum
2280 2862 2494 2962 ipsius
2530 2844 2714 2925 Palati·

612 2960 687 3033 ni
752 2961 1217 3063 prorogantis
1275 2957 1792 3049 ventillantur,
1852 2960 2072 3037 simul
2122 2991 2297 3038 cum
2349 2950 2713 3065 deponendo

609 3066 910 3144 Judicio
967 3068 1191 3142 trium
1240 3065 1660 3142 Man-carum
1700 3093 1838 3169 per
1874 3069 2173 3144 eosdem
2224 3071 2299 3144 in
2345 3072 2616 3145 Causam
2646 3072 2714 3130 al·

613 3191 924 3268 tractos,
979 3172 1070 3247 ad
1115 3171 1427 3249 Octavas
1466 3173 1664 3248 Festi
1706 3175 1906 3249 Beati
1949 3174 2336 3253 Michaelis
2376 3170 2712 3266 Archange-

612 3279 776 3354 liin
831 3283 1052 3355 Anno
1103 3280 1403 3353 Domini
1461 3285 1691 3358 1433.
1742 3285 2173 3387 praeteritas
2212 3295 2584 3388 prorogata
2613 3295 2711 3346 ex·

610 3390 953 3480 stitisset,
1010 3384 1101 3459 ad
1167 3413 1349 3489 quas
1399 3386 1702 3490 quidem
1772 3406 2106 3483 octavas,
2183 3391 2360 3495 quia
2416 3381 2709 3493 praef-us
2829 3446 2830 3471 ἦ

610 3492 973 3599 Georgius
1021 3491 1212 3567 filius
1264 3493 1571 3570 Joannis
1619 3495 1713 3568 de
1763 3493 2035 3571 Bathor
2082 3497 2362 3601 absque
2404 3494 2708 3600 cuiusstfl·
2829 3500 2830 3507 ’

486 3612 487 3615 ’
610 3599 787 3677 licet
820 3599 1437 3706 praesentialitate'
1482 3626 1828 3704 praesens
1882 3604 2116 3677 Causa
2156 3592 2392 3680 aecidi
2428 3592 2710 3698 nequins‘

606 3727 740 3799 set,
797 3727 1092 3785 octavas
1140 3703 1229 3778 ad
1270 3706 1567 3782 easdem
1607 3737 1810 3782 suam
1848 3709 1921 3782 in
1959 3716 2432 3812 praesentiam
2466 3728 2592 3777 non
2625 3714 2708 3763 ve·
2829 3784 2830 3807 Ξ

607 3815 871 3909 nisset,
923 3842 1063 3919 pro
1108 3838 1201 3889 eo
1268 3818 1494 3917 ipsam
1540 3816 2182 3893 Instrumentalem
2238 3812 2704 3892 Exhibitionem
2829 3810 2830 3839 ³

604 3926 799 4000 inter
854 3923 1298 3999 Annotatam
1358 3923 1751 3996 Dominam
1812 3924 2187 3999 Actricem
2235 3925 2328 4000 ab
2380 3945 2538 4001 una,
2600 3924 2700 4015 ¹¹⁰⁰.

609 4055 757 4103 non
825 4029 1229 4130 praefatum
1283 4026 1734 4131 Stephanum
1799 4028 2022 4104 lilium
2086 4032 2383 4107 Joannis
2437 4007 2701 4099 stanislm

606 4134 700 4209 de
746 4136 1024 4212 Bathor
1070 4139 1145 4209 in
1194 4160 1487 4208 eausam
1523 4138 1919 4210 attractum
1955 4136 2048 4211 ab
2103 4136 2282 4230 alia,
2342 4132 2426 4210 ad
2471 4135 2700 4202 octavas

616 4239 802 4317 Festi
851 4241 1418 4345 Epiphaniarum
1444 4245 1741 4317 Domini
1778 4260 1953 4316 tunc
1996 4265 2382 4322 venturum
2418 4245 2696 4341 protegi?
