2926 4849
2045 501 2195 575 763

119 704 658 814 strigoniensis
691 705 1178 789 Ecclesiarum
1218 708 1635 787 canonicus
1684 710 1892 805 vice,
1937 729 2014 790 et
2054 710 2309 790 nomi-

123 845 230 894 ne
259 818 775 896 universorum
812 816 1184 923 hospitum
1239 820 1658 895 nostrorum
1699 816 1793 894 de
1827 818 2139 896 Ciuitate
2171 844 2307 895 no-
2328 832 2361 871 -‘'

132 944 285 1001 stra
330 925 790 1017 Poso'niensi‚
848 921 941 998 ad
987 930 1314 1000 nostram
1362 926 1728 1001 accedens
1769 925 2308 1022 Praes'entiam,
2393 972 2402 980 ·

133 1030 472 1107 exhibuit
500 1032 717 1106 nobis
755 1036 1266 1134 transcriptum
1310 1031 1775 1133 privilegium
1816 1032 2119 1109 Domini
2142 1034 2309 1107 An·-
2356 1066 2359 1073 ’

136 1137 361 1212 drese
407 1142 627 1242 Regis
697 1138 1284 1213 praedecessoris
1330 1139 1564 1212 nostri
1626 1139 1866 1214 bonae
1902 1140 2309 1241 memoriae

134 1244 284 1320 sub
312 1244 569 1346 sigillo
604 1243 1075 1319 Venerabilis
1114 1247 1188 1319 in
1214 1244 1505 1320 Christo
1530 1245 1757 1322 Patris
1791 1244 2091 1322 Domini
2119 1242 2311 1323 Tho·

122 1375 302 1426 mae
346 1354 612 1426 Divina
661 1352 1137 1426 Miseratione
1188 1349 1803 1456 Archi-Episcopi
1843 1350 2311 1458 strigonien·

122 1458 229 1533 sis
272 1458 743 1561 eiusdemque
778 1458 964 1533 Loci
1008 1459 1312 1534 Comitis
1351 1458 1743 1564 Perpetui,
1798 1483 2022 1565 super
2053 1456 2312 1535 Liber·

122 1581 281 1639 tate
318 1565 753 1640 eorumdem
785 1563 1151 1669 hospitum
1189 1564 1518 1640 Civitatis
1564 1582 1858 1642 nostrae
1890 1564 2309 1671 praedictae
2354 1584 2364 1593 ’

127 1696 521 1746 concessas
557 1668 928 1764 confecti,
969 1684 1245 1776 ‘petens
1297 1698 1338 1745 a
1401 1671 1619 1750 nobis
1666 1674 1842 1747 cum
1901 1672 2256 1749 Instantia
2284 1728 2308 1767 ,

124 1794 216 1851 ut
253 1779 480 1879 ipsam
525 1777 978 1852 Libertatem
1035 1795 1267 1854 ratam
1295 1774 1610 1874 habere,
1667 1795 1746 1855 et
1781 1797 2037 1855 nostro
2074 1778 2310 1855 Privi-

124 1882 328 1985 legio
373 1882 807 1960 confirmare
847 1882 1346 1987 dignaremur.
1428 1885 1660 1962 Cuius
1716 1883 2017 1986 quidem
2072 1885 2310 1961 Privi-

125 1990 305 2091 legii
354 1991 608 2066 Tenor
645 1989 805 2065 talis
857 2008 1008 2065 est:
1065 1993 1344 2092 (Huius
1386 2009 1667 2069 textum
1728 2014 1869 2097 per
1914 1998 2307 2068 extensum

125 2096 413 2172 editum
445 2095 614 2171 vide
649 2114 726 2173 et
763 2097 924 2199 lege
968 2093 1185 2174 huius
1227 2097 1522 2175 Codicis
1562 2091 2022 2206 diplomatici
2060 2095 2308 2176 Tomo

125 2203 267 2279 Vl.
308 2203 709 2279 Volumine
753 2204 809 2278 1.
851 2231 1014 2307 pag.
1059 2210 1499 2283 tor—111.
2092 2236 2097 2243 ·
2182 2212 2193 2217 ’

328 2310 484 2388 Nos
553 2336 777 2402 vero,
857 2311 991 2414 qui
1049 2338 1141 2387 ex
1197 2310 1454 2389 debito
1514 2311 1838 2416 suscepti
1902 2309 2309 2415 Regiminis

128 2415 505 2521 quoslibet
542 2417 618 2491 in
662 2419 810 2494 suis
850 2416 1152 2496 Juribus
1203 2438 1279 2496 et
1313 2417 1844 2512 Libertatibus,
1902 2419 2328 2523 et'specia-'

126 2528 304 2623 liter
356 2522 657 2599 eosdem
699 2523 1057 2632 'Hospites
1095 2523 1422 2602 Civitatis
1468 2544 1765 2604 nostrae
1802 2527 2308 2618 posoniensis,

130 2633 271 2734 qui
316 2631 528 2704 nobis
565 2657 862 2708 omnem
915 2629 1337 2709 fidelitatem
1374 2636 1573 2709 iuxta
1630 2629 2311 2738 corum³possibili-

130 2754 364 2812 tatem
409 2736 976 2839 impenderunt,
1035 2764 1481 2816 conservare
1534 2759 1924 2832 tenemur,
1980 2737 2072 2813 ad
2114 2737 2305 2813 Peti-

129 2845 416 2921 tionem
448 2861 519 2920 et
564 2844 990 2919 Instantiam
1024 2842 1430 2919 eorundem
1458 2848 1849 2949 Hospitum
1884 2864 2307 2922 nostrorum
2338 2919 2345 2926 .

128 2951 414 3027 dictum
445 2950 979 3051 privilegium,
1034 2976 1161 3024 seu
1205 2951 1798 3057 Transscriptum
1845 2949 2176 3025 eiusdem
2210 2950 2309 3026 de

133 3056 377 3133 verbo
414 3055 509 3132 ad
545 3057 855 3131 verbum
896 3054 1321 3132 transscribi
1363 3055 1735 3150 facientes,
1778 3055 2311 3162 praesentibus·

131 3190 294 3269 que
331 3165 596 3258 inseri,
654 3189 742 3237 ex
805 3161 1539 3267 Regia‘benignitate
1589 3181 1844 3239 nostro
1908 3161 2308 3267 privilegio

129 3273 481 3347 duximus
539 3268 1149 3373 confirmandum.
1255 3275 1334 3348 ln
1394 3273 1608 3346 cuius
1660 3270 1771 3347 rei
1834 3268 2307 3363 memoriam,

129 3377 708 3474 firmitatemque
799 3395 1231 3480 perpetuam
1317 3395 1739 3481 praesentes
1815 3376 2311 3466 concessimus

129 3485 592 3589 appensione
633 3482 994 3587 duppiicis
1033 3482 1268 3584 sigini
1306 3484 1534 3560 nostri
1578 3481 2106 3559 roborandum.
2170 3483 2308 3557 Da·

131 3608 297 3666 tum
343 3614 478 3691 per
514 3613 771 3662 manus
828 3588 1122 3665 discreti
1184 3589 1348 3664 Viri
1388 3587 1721 3695 Magistri
1768 3587 2119 3668 Johannis
2164 3588 2311 3662 Ec-

132 3694 409 3770 clesiae
463 3694 798 3769 Albensis
833 3693 1235 3794 Praepositi
1282 3697 1518 3773 Aulae
1562 3715 1855 3773 nostrae
1897 3695 2084 3770 Vice
2125 3691 2321 3768 cane

132 3800 459 3890 cellarii,
497 3795 1140 3877 etDilectifidetis
1187 3805 1457 3898 nostri,
1496 3804 1723 3878 Anno
1756 3801 2057 3875 Domini
2087 3806 2314 3876 1313.

250 3946 256 3952 ⁴
339 3908 491 3982 Nos
523 3907 747 4008 igitur
784 3907 1233 3983 considerata
1265 3913 1550 3986 sincera
1597 3906 1940 3982 fidelitate
1977 3910 2311 4011 ipsorum

137 4016 436 4092 Civium
481 4030 893 4088 nostrorum
941 4016 1273 4091 Ciuitatis
1321 4034 1612 4092 nostrae
1669 4013 2175 4107 Posoniensis,
2239 4028 2319 4086 et

139 4125 482 4223 inspecta
517 4121 902 4222 quanobis
929 4120 1380 4198 studuerunt
1420 4141 1578 4197 toto
1619 4123 1779 4197 nisu
1821 4119 2319 4224 complacere,

141 4226 504 4335 precibus
543 4226 948 4306 eorundem
985 4228 1187 4306 iustis
1232 4226 1615 4307 favorabiii
1667 4230 1939 4335 pietate
1988 4223 2317 4306 inclinati
