2926 4849
2090 484 2240 578 6⁷3
2345 483 2353 492 ’

66 666 71 672 ’
166 666 498 769 Wagner
533 661 812 748 iuratus
834 673 1035 749 Ciuis
1075 680 1448 779 praefatae
1487 685 1805 762 ciuitatis
1850 704 2149 763 nostrae
2171 692 2348 790 Kes-

159 782 371 857 mark
438 782 585 854 suis
647 797 722 853 ct
767 782 1127 875 aliorum,
1197 811 1816 894 quorumsupra
1886 793 2358 890 nominibus,l
2453 881 2457 886 ,

160 905 420 966 nostro
476 888 774 962 culmini
857 914 1077 987 prece
1110 991 1115 994 ,
1153 892 1564 972 subiectiua
1589 953 1611 994 ,
1689 879 1773 974 ,ἢ
1842 901 2348 1007 insi-ascriptas

158 995 711 1101 praerogatiuas
749 1009 823 1069 et
857 994 1226 1072 libertates
1257 1002 1506 1077 denuo
1531 1022 1607 1080 et
1649 1031 1742 1079 ex
1776 1031 1982 1084 nouo
2025 1014 2133 1084 eis
2173 1039 2345 1088 con·
2415 1055 2424 1060 ’

156 1103 469 1195 cedere,
525 1126 611 1175 ac
637 1106 930 1178 -nostris
976 1102 1384 1211 priuilegiis
1424 1110 1806 1206 roborare
1844 1112 2341 1218 dignaremur.

157 1208 313 1286 Nos
359 1212 652 1309 itaque,
711 1212 839 1311 qui
880 1226 1321 1289 cunctorum
1366 1212 1695 1293 fidelium
1747 1238 2177 1299 nostrorum
2213 1227 2338 1303 in-

154 1317 715 1396 commoditates
746 1316 1251 1419 imperialibus
1282 1336 1509 1424 atque
1538 1327 1758 1430 regiis
1792 1327 2113 1418 solemus
2150 1359 2358 1438 sem-p

155 1451 297 1528 per
352 1419 724 1499 remediis
781 1443 1235 1521 restaurare,
1307 1427 1735 1508 huiusmodi
1790 1432 2212 1516 humillimis
2271 1462 2346 1521 et

94 1559 97 1562 ¹
156 1532 455 1606 deuotis
484 1531 1142 1634 supplicationibus
1176 1527 1614 1613 eorum'dem
1649 1541 1943 1618 Nicolai
1964 1543 2345 1627 Schwartz

156 1630 450 1718 Judicis,
494 1653 569 1713 et
628 1639 977 1741 Gregorii
1026 1640 1400 1745 Wagner,
1453 1643 1694 1722 Jurati
1750 1649 1990 1742 Ciuis,
2044 1651 2345 1736 culmini

158 1762 465 1842 nostro,
537 1745 764 1821 modo
814 1772 971 1849 quo
1034 1772 1297 1852 supra,
1369 1756 1775 1854 porrectis,
1846 1757 2217 1861 imperiali
2268 1782 2346 1839 et

158 1853 384 1957 regali
411 1853 683 1956 pietate
727 1853 1127 1947 exauditis,
1177 1854 1586 1934 clementer
1617 1880 1692 1938 et
1731 1862 2099 1957 admissis,
2139 1897 2346 1973 prae·

158 1958 375 2035 dictis
439 1957 732 2052 Judici,
789 1959 1643 2065 Ciuibus,=bospitibus,
1694 1986 1769 2070 et
1822 1973 2083 2049 incolis
2129 2005 2347 2080 prae-

158 2083 393 2143 tactae
457 2066 799 2141 Ciuitatis
867 2085 1163 2144 nostrae
1250 2071 1662 2168 Kesmark,
1746 2100 1836 2151 ac
1911 2082 2349 2162 eorumdem

160 2173 711 2275 posteritatibus
767 2178 1173 2271 vniuersis,
1236 2192 1320 2253 vt
1375 2178 1616 2254 iidem·
1661 2182 1850 2262 sicut
1908 2213 2225 2265 numero
2273 2212 2350 2268 et

160 2303 642 2383 personarum
701 2281 1155 2383 pluralitate,
1210 2283 1317 2359 sic
1366 2285 1590 2382 etiam
1639 2287 1785 2366 fide
1828 2305 1904 2366 et
1940 2291 2345 2376 deuotione

157 2404 605 2490 augeantur,
658 2387 853 2464 infra
901 2387 1287 2467 denotatas
1341 2389 1724 2472 libertates
1775 2414 1850 2476 et
1902 2407 2346 2508 praerogati-

158 2511 332 2586 uas,
391 2498 767 2597 perpetuis
805 2500 1235 2575 successiuis
1272 2501 1743 2605 temporibus
1787 2507 2151 2588 vniuersis
2196 2512 2345 2587 du-

156 2618 483 2692 raturas,
528 2603 790 2677 ‘denuo
826 2620 902 2678 et
939 2631 1032 2680 ex
1070 2628 1282 2683 nouo
1323 2604 1669 2685 duximus
1706 2613 2172 2710 annuendas,
2225 2619 2348 2694 fa·-

154 2704 457 2784 ciendas
492 2727 569 2783 et
601 2708 1120 2789 concedendas
1142 2770 1164 2809 ,
1218 2714 1375 2788 imo
1405 2719 1834 2811 annuimus,
1888 2738 1965 2796 et
2002 2725 2287 2801 conced
2316 2751 2344 2800 ι’

156 2841 318 2891 mus
356 2805 479 2893 tali
512 2817 794 2893 modoz„
832 2818 1053 2907 Quod
1085 2821 1268 2924 ipsi,
1325 2823 1404 2894 in
1448 2822 1827 2925 praedicta
1864 2828 2183 2908 Ciuitate
2218 2860 2316 2909 no

155 2942 306 2999 stra
352 2924 711 2999 Kesmark
746 2921 1059 3004 liberam
1098 2944 1442 3023 stateram
1470 2982 1491 3016 ‚
1548 2932 1710 3004 siue
1765 2957 2189 3012 mensuram
2250 2941 2339 3016 ad

158 3028 764 3135 ponderandum,
820 3051 897 3108 et
948 3032 1520 3107 mensurandum
1565 3040 1686 3108 res
1739 3034 2079 3138 renales,
2135 3066 2338 3150 aptas

154 3157 232 3216 et
285 3127 731 3215 necessarias
784 3139 1213 3230 instituere,
1268 3139 1607 3243 inibique
1677 3169 1967 3240 ceram,
2032 3150 2340 3249 sebum,

153 3274 514 3351 cuprum,
568 3245 953 3350 plumbum
991 3302 1014 3340 ,
1069 3242 1461 3322 Chalibem
1519 3242 1808 3325 ferrum
1860 3272 1938 3330 et
1991 3258 2165 3334 alias
2214 3289 2340 3339 res

154 3356 448 3429 venales
481 3354 883 3457 ponderari
908 3371 984 3429 et
1019 3380 1158 3458 per
1170 3354 1782 3459 ponderationem
1823 3361 2040 3437 vendi
2079 3385 2151 3442 et
2188 3375 2337 3444 emi

148 3462 440 3555 solitas,
492 3489 631 3566 per
665 3463 901 3566 ipsos,
939 3475 1011 3537 et
1057 3487 1194 3566 per
1228 3486 1716 3564 quoscunque
1756 3464 1934 3542 alios
1970 3474 2336 3552 mercato-

148 3597 270 3647 res
310 3587 460 3646 tam
502 3567 911 3671 regnicolas
949 3586 1282 3660 nostros,
1315 3594 1539 3671 quam
1579 3568 1912 3661 forenses
1938 3632 1961 3668 ,
1998 3579 2089 3653 ad
2128 3609 2332 3683 prae-

146 3677 425 3754 dictam
461 3677 860 3757 Ciuitatem
913 3691 1240 3753 nostram
1305 3677 1673 3752 Kes'mark
1725 3701 2200 3784 apportantes
2257 3709 2331 3769 et
2405 3774 2412 3781 ,

143 3784 595 3863 adducentes
641 3782 1075 3888 ponderari,
1131 3808 1217 3855 ac
1250 3808 1394 3888 pro
1439 3786 1699 3886 pannis
1756 3801 1831 3860 et
1882 3787 2039 3864 aliis
2097 3796 2323 3870 rebus

144 3893 533 3969 venalibus
568 3914 779 3966 more
814 3889 986 3964 alias
1034 3890 1256 3964 solito
1315 3907 1811 3985 commutare,
1871 3912 1946 3970 et
1998 3901 2321 3979 vendere

144 4002 736 4102 commutarique
780 4017 857 4072 et
918 3993 1135 4071 vendi
1195 3995 1440 4071 facere
1493 4003 1923 4099 permittere
1983 4006 2320 4103 valeant,

142 4127 373 4210 atque
416 4109 717 4211 possint.
748 4110 930 4181 Item
966 4101 1176 4204 quod
1209 4106 1343 4205 ipsi
1378 4121 1678 4205 praeter
1720 4133 1983 4183 currus
2024 4138 2326 4219 magnos

139 4214 621 4309 summarios,
677 4213 899 4315 vulgo
957 4206 1525 4286 Mazas‘Szeker
1570 4230 1908 4299 vocatos,
1981 4219 2111 4314 qui
2161 4248 2324 4298 mo-
2423 4228 2428 4233 ”

190 4338 199 4345 “
251 4322 463 4398 Toin.
502 4323 605 4398 X.
630 4321 802 4411 Vol.
839 4318 1001 4393 VII.
1273 4434 1275 4438 Α
1385 4359 1388 4363 .
1844 4327 1944 4393 43
