2926 4849
763 535 914 610 914
999 542 1002 545 ’

654 746 1090 824 descensum
1146 742 1468 821 habeant
1490 801 1512 841 ,
1584 756 1663 819 et
1709 742 1853 819 illis
1912 742 2234 849 hospitia
2287 741 2797 846 praebeantur,

654 854 783 930 tali
823 872 1067 929 tamen
1109 852 1564 943 conditione,
1619 865 1697 926 vt
1729 850 1971 947 nullus
2003 852 2529 953 cuiuscunque
2568 855 2797 929 condi·

658 962 876 1036 tionis
925 958 1258 1055 Nobilis,
1312 975 1439 1035 aut
1482 957 1723 1050 Saxo,
1778 958 1897 1032 vel
1954 956 2280 1049 Siculus,
2336 959 2652 1034 alicuius
2697 958 2795 1033 da·

654 1068 810 1143 mni
877 1082 1436 1141 nocumentumv
1473 1091 1609 1139 suo
1676 1064 1942 1168 hospiti
2013 1064 2322 1158 inferat,
2392 1091 2547 1141 nec
2594 1063 2796 1143 facere

653 1189 1094 1279 praesumat.
1164 1173 1313 1262 Qui
1347 1188 1594 1248 autem
1627 1166 1978 1246 damnum
2027 1171 2326 1268 fecerit3
2379 1173 2620 1249 iudex
2663 1198 2802 1248 cum

657 1281 972 1363 ductore
1033 1277 1206 1354 belli
1249 1276 1343 1352 ab
1405 1275 1674 1353 eodem
1722 1281 2050 1381 rigorem
2092 1279 2276 1354 iuris
2343 1298 2798 1381 extorqueat,

652 1406 730 1464 et
768 1386 978 1462 illum
1020 1411 1261 1490 poena
1307 1384 1598 1489 capitali
1651 1384 1771 1459 vel
1822 1386 2029 1459 iuxta
2077 1382 2537 1463 demeritum
2577 1389 2797 1490 punire

649 1511 1007 1570 teneatur.
1100 1491 1187 1569 Si
1235 1509 1483 1567 autem
1530 1490 1835 1566 alicuius
1887 1491 2179 1568 Nobilis
2222 1494 2341 1567 vel
2388 1491 2704 1568 Saxonis
2734 1516 2801 1565 ac

653 1599 890 1675 Siculi
924 1596 1237 1675 famulus
1272 1599 1392 1676 vel
1412 1596 1722 1702 Satrapa
1758 1598 2121 1703 profugus
2158 1601 2611 1690 efficeretur,
2651 1615 2799 1672 tunc

653 1707 1028 1782 Dominus
1065 1706 1291 1810 ipsius
1329 1701 1685 1809 satrapae
1718 1730 2089 1782 recessum
2123 1731 2275 1782 non
2312 1734 2457 1785 suo
2495 1705 2796 1795 consilio,

644 1839 788 1890 neo
826 1813 1200 1893 voluntate
1236 1810 1492 1908 fuisse,
1546 1814 1791 1888 iurare
1827 1839 1976 1886 non
2012 1831 2348 1909 recuset,
2401 1812 2542 1890 sed
2581 1830 2799 1888 tenea-

645 1937 838 2021 tur,
886 1919 1455 2021 iuramentoque
1535 1917 1788 2012 finito,
1884 1947 1933 1996 a
1996 1920 2143 1994 suis
2199 1921 2541 2025 propriis
2609 1916 2799 1993 rebus

641 2022 840 2103 idem
896 2025 1256 2101 Dominus
1308 2024 1882 2102 satisfactionem
1927 2024 2322 2132 impendat.
2415 2031 2720 2129 Insuper
2762 2051 2797 2096 a

643 2131 959 2208 ductore
995 2132 1167 2210 belli
1203 2132 1488 2207 literam
1529 2133 2017 2227 exclusionis,
2067 2159 2196 2210 seu
2245 2151 2666 2237 regesti-um
2696 2134 2796 2206 in-

642 2240 987 2317 sertionis
1033 2256 1519 2341 extorqueat,
1572 2237 1923 2316 famulum
1961 2267 2176 2316 suum
2218 2240 2582 2315 imitando
2610 2264 2798 2343 quae·

635 2361 795 2443 rat,
851 2363 927 2421 et
968 2348 1177 2421 iuxta
1218 2346 1662 2422 demeritum
1698 2346 2109 2423 secundum
2148 2365 2504 2426 contenta
2545 2349 2796 2423 litterae

641 2455 1080 2529 sententiam
1116 2465 1567 2558 exsequatur
1592 2506 1618 2547 ,
1675 2452 2102 2556 vbicunque
2147 2457 2498 2530 inuenire
2535 2453 2794 2529 malue-

635 2562 758 2637 rit.
831 2558 1270 2635 Statuerunt
1307 2566 1525 2635 etiam
1560 2559 1868 2635 firmiter
1907 2562 2349 2651 obseruare,
2407 2580 2497 2639 vt
2532 2560 2698 2635 dum
2730 2576 2792 2634 et

635 2663 940 2769 quando
978 2663 1288 2739 alicuius
1347 2664 1762 2740 hostilitatis
1812 2668 2268 2772 impugnatio
2324 2695 2459 2745 seu
2503 2682 2790 2743 contro·-

637 2773 920 2850 uersia*
958 2772 1483 2875 cuiuscunque·
1529 2770 1974 2849 conditionis
2016 2776 2321 2870 euenire
2360 2775 2782 2878 contigerit,

635 2897 713 2958 ct
764 2882 960 2956 inter
1009 2875 1336 2983 partibus
1376 2880 1894 2983 suprascriptis
1954 2880 2377 2976 Nobilium,
2436 2881 2785 2958 Saxonum

633 3006 710 3064 et
743 2985 1177 3062 Siculorum
1217 3011 1386 3090 pars
1428 3004 1714 3088 partem
1752 2990 1829 3061 in
1876 2986 2282 3062 subsidium
2325 2990 2784 3076 intremuerit,

523 3157 526 3160 .
634 3089 961 3170 secundo
1019 3091 1139 3168 die
1186 3093 1391 3167 exire
1444 3118 1610 3195 pars
1662 3093 2005 3170 inuocata
2064 3111 2136 3169 et
2184 3096 2489 3196 singulis
2543 3092 2781 3169 diebus

630 3201 774 3278 tria
810 3198 1147 3275 milliaria
1205 3213 1419 3303 parte
1461 3200 1854 3277 inuocante
1901 3201 1974 3274 in
2018 3226 2455 3277 succursum
2498 3202 2778 3278 transire

632 3332 787 3383 non
827 3308 1156 3399 omittat,
1211 3303 1343 3379 sed
1360 3302 1624 3380 festine
1658 3307 1732 3380 in
1754 3307 2109 3384 auxilium
2142 3312 2398 3408 tenire
2435 3323 2774 3397 teneatur3

632 3438 981 3518 quaeque
1026 3429 1270 3487 autem
1316 3436 1488 3516 pars
1528 3412 1606 3485 in
1646 3417 2113 3508 *contrarium
2152 3412 2454 3507 fecerit,
2510 3433 2587 3490 vt
2626 3428 2773 3516 puta
2810 3481 2811 3500 ,

630 3518 983 3610 Nobiles,
1042 3517 1411 3611 Saxones,
1468 3534 1538 3592 et
1591 3516 1871 3614 Siculi,
1926 3521 2049 3595 illa
2088 3548 2256 3624 pars
2297 3522 2585 3625 capitali
2617 3543 2769 3620 poe·
2804 3579 2809 3612 ,Ν

634 3655 768 3721 na,
825 3645 903 3702 et
944 3652 1098 3702 non
1157 3623 1379 3700 rebus
1432 3626 1778 3728 puniatur
1826 3627 2161 3704 iuridice.
2253 3628 2763 3704 Ordinnuemnt
2806 3659 2807 3680 ³

585 3727 598 3736 ’
634 3759 940 3837 quoque
973 3750 1043 3808 et
1083 3734 1496 3808 iuramento
1533 3729 1841 3809 firmiter
1880 3737 2428 3828 concluserunt,
2486 3754 2563 3812 vt
2597 3728 2762 3807 omni
2802 3727 2805 3804 j

636 3865 987 3917 concessa
1035 3835 1354 3933 inuidia,
1411 3854 1488 3913 et
1532 3836 1955 3917 inimicitiae
1992 3866 2239 3936 causa,
2296 3843 2763 3940 cuiuscunque

634 3945 988 4023 materiae
1038 3946 1332 4029 existat,
1389 3945 1583 4019 inter
1631 3972 1709 4022 se
1748 3949 1824 4023 in
1884 3946 2177 4027 Christo
2205 3951 2543 4043 Patrem,
2588 3962 2656 4020 et
2682 3943 2756 4016 D.
2794 4009 2799 4038 ff

635 4054 1488 4156 Dominum-Georgium
1535 4051 1811 4158 Lepes,
1867 4054 2324 4162 Episcopum
2366 4049 2797 4130 TraussiluM

635 4162 1011 4252 niensem,
1065 4178 1140 4235 et
1169 4157 1497 4236 eiusdem
1534 4157 1902 4237 Ecclesiae
1920 4163 2391 4265 Capitulum,
2445 4158 2633 4264 quod
2673 4155 2756 4227 in·

633 4281 750 4340 ter
797 4262 1143 4362 Nobiles,
1200 4264 1533 4343 Saxones
1574 4284 1649 4345 et
1694 4265 1987 4345 Siculos
2040 4272 2324 4375 integre
2363 4288 2440 4346 et
2492 4262 2751 4348 omnino

2780 4605 2785 4664 l

2778 4675 2783 4712 1
