<?xml version="1.0" encoding="UTF-8"?>
<!DOCTYPE html PUBLIC "-//W3C//DTD XHTML 1.0 Transitional//EN"
    "http://www.w3.org/TR/xhtml1/DTD/xhtml1-transitional.dtd">
<html xmlns="http://www.w3.org/1999/xhtml" xml:lang="en" lang="en">
 <head>
  <title>
</title>
<meta http-equiv="Content-Type" content="text/html;charset=utf-8" />
  <meta name='ocr-system' content='tesseract 3.04.00' />
  <meta name='ocr-capabilities' content='ocr_page ocr_carea ocr_par ocr_line ocrx_word'/>
</head>
<body>
  <div class='ocr_page' id='page_1' title='image "./codexdiplomatic00fejgoog_0483.png"; bbox 0 0 2926 4849; ppageno 0'>
   <div class='ocr_carea' id='block_1_1' title="bbox 2025 509 2268 604">
    <p class='ocr_par' dir='ltr' id='par_1_1' title="bbox 2025 509 2268 604">
     <span class='ocr_line' id='line_1_1' title="bbox 2025 509 2268 604; baseline 0.016 -22"><span class='ocrx_word' id='word_1_1' title='bbox 2025 596 2036 604; x_wconf 50' lang='lat'><strong>,</strong></span> <span class='ocrx_word' id='word_1_2' title='bbox 2115 509 2268 586; x_wconf 71' lang='lat'><strong>469</strong></span> 
     </span>
    </p>
   </div>
   <div class='ocr_carea' id='block_1_2' title="bbox 62 704 2377 1476">
    <p class='ocr_par' dir='ltr' id='par_1_2' title="bbox 62 704 2377 1476">
     <span class='ocr_line' id='line_1_2' title="bbox 179 704 2376 824; baseline 0.002 -29"><span class='ocrx_word' id='word_1_3' title='bbox 179 716 690 822; x_wconf 77' lang='lat' dir='ltr'><strong>schismatica,</strong></span> <span class='ocrx_word' id='word_1_4' title='bbox 746 744 876 795; x_wconf 86' lang='lat' dir='ltr'><strong>seu</strong></span> <span class='ocrx_word' id='word_1_5' title='bbox 922 718 1068 796; x_wconf 81' lang='lat' dir='ltr'><strong>alio</strong></span> <span class='ocrx_word' id='word_1_6' title='bbox 1092 718 1494 824; x_wconf 73' lang='lat' dir='ltr'><strong>quolibet,</strong></span> <span class='ocrx_word' id='word_1_7' title='bbox 1556 721 2165 802; x_wconf 82' lang='lat' dir='ltr'><strong>communionem</strong></span> <span class='ocrx_word' id='word_1_8' title='bbox 2210 704 2376 800; x_wconf 63' lang='lat' dir='ltr'><strong>Ca·-⁶</strong></span> 
     </span>
     <span class='ocr_line' id='line_1_3' title="bbox 185 825 2370 936; baseline 0.002 -35"><span class='ocrx_word' id='word_1_9' title='bbox 185 826 500 903; x_wconf 85' lang='lat' dir='ltr'><strong>tholicae</strong></span> <span class='ocrx_word' id='word_1_10' title='bbox 540 825 710 902; x_wconf 82' lang='lat' dir='ltr'><strong>fidei</strong></span> <span class='ocrx_word' id='word_1_11' title='bbox 750 855 902 902; x_wconf 82' lang='lat' dir='ltr'><strong>non</strong></span> <span class='ocrx_word' id='word_1_12' title='bbox 937 825 1298 920; x_wconf 86' lang='lat' dir='ltr'><strong>habente,</strong></span> <span class='ocrx_word' id='word_1_13' title='bbox 1342 847 1472 904; x_wconf 86' lang='lat' dir='ltr'><strong>aut</strong></span> <span class='ocrx_word' id='word_1_14' title='bbox 1499 853 1668 906; x_wconf 87' lang='lat' dir='ltr'><strong>cum</strong></span> <span class='ocrx_word' id='word_1_15' title='bbox 1704 828 1955 932; x_wconf 86' lang='lat' dir='ltr'><strong>aliquo</strong></span> <span class='ocrx_word' id='word_1_16' title='bbox 1984 829 2130 905; x_wconf 88' lang='lat' dir='ltr'><strong>alio</strong></span> <span class='ocrx_word' id='word_1_17' title='bbox 2166 855 2370 936; x_wconf 78' lang='lat' dir='ltr'><strong>prae·</strong></span> 
     </span>
     <span class='ocr_line' id='line_1_4' title="bbox 181 931 2375 1030; baseline 0.003 -24"><span class='ocrx_word' id='word_1_18' title='bbox 181 931 380 1011; x_wconf 84' lang='lat' dir='ltr'><strong>fatae</strong></span> <span class='ocrx_word' id='word_1_19' title='bbox 416 934 791 1011; x_wconf 80' lang='lat' dir='ltr'>Ecclesiae</span> <span class='ocrx_word' id='word_1_20' title='bbox 836 936 1135 1012; x_wconf 86' lang='lat' dir='ltr'><strong>inimico</strong></span> <span class='ocrx_word' id='word_1_21' title='bbox 1175 938 1290 1012; x_wconf 83' lang='lat' dir='ltr'><strong>vel</strong></span> <span class='ocrx_word' id='word_1_22' title='bbox 1326 934 1592 1011; x_wconf 82' lang='lat' dir='ltr'><strong>rebelli</strong></span> <span class='ocrx_word' id='word_1_23' title='bbox 1620 993 1640 1030; x_wconf 89' lang='lat'><strong>,</strong></span> <span class='ocrx_word' id='word_1_24' title='bbox 1682 963 1813 1013; x_wconf 86' lang='lat' dir='ltr'><strong>seu</strong></span> <span class='ocrx_word' id='word_1_25' title='bbox 1860 935 2102 1011; x_wconf 88' lang='lat' dir='ltr'><strong>eidem</strong></span> <span class='ocrx_word' id='word_1_26' title='bbox 2141 940 2375 1013; x_wconf 89' lang='lat' dir='ltr'><strong>mani-</strong></span> 
     </span>
     <span class='ocr_line' id='line_1_5' title="bbox 62 1040 2368 1146; baseline 0.001 -31"><span class='ocrx_word' id='word_1_27' title='bbox 62 1080 68 1086; x_wconf 95' lang='lat'>·</span> <span class='ocrx_word' id='word_1_28' title='bbox 182 1040 372 1117; x_wconf 80' lang='lat' dir='ltr'><strong>feste</strong></span> <span class='ocrx_word' id='word_1_29' title='bbox 425 1058 817 1146; x_wconf 85' lang='lat' dir='ltr'><strong>suspecto,</strong></span> <span class='ocrx_word' id='word_1_30' title='bbox 908 1043 1258 1118; x_wconf 82' lang='lat' dir='ltr'><strong>vnionem</strong></span> <span class='ocrx_word' id='word_1_31' title='bbox 1334 1043 1783 1144; x_wconf 80' lang='lat' dir='ltr'>quamlibet,</span> <span class='ocrx_word' id='word_1_32' title='bbox 1879 1041 2368 1146; x_wconf 84' lang='lat' dir='ltr'><strong>parentelam,</strong></span> 
     </span>
     <span class='ocr_line' id='line_1_6' title="bbox 185 1145 2377 1254; baseline 0.003 -33"><span class='ocrx_word' id='word_1_33' title='bbox 185 1165 315 1223; x_wconf 87' lang='lat' dir='ltr'><strong>aut</strong></span> <span class='ocrx_word' id='word_1_34' title='bbox 352 1145 1034 1225; x_wconf 77' lang='lat' dir='ltr'><strong>confederationem</strong></span> <span class='ocrx_word' id='word_1_35' title='bbox 1067 1145 1329 1247; x_wconf 65' lang='lat' dir='ltr'><strong>inibit}</strong></span> <span class='ocrx_word' id='word_1_36' title='bbox 1385 1145 1521 1227; x_wconf 76' lang='lat' dir='ltr'><strong>sed</strong></span> <span class='ocrx_word' id='word_1_37' title='bbox 1553 1167 1700 1226; x_wconf 89' lang='lat' dir='ltr'><strong>tam</strong></span> <span class='ocrx_word' id='word_1_38' title='bbox 1730 1166 2095 1244; x_wconf 84' lang='lat' dir='ltr'><strong>vestram,</strong></span> <span class='ocrx_word' id='word_1_39' title='bbox 2151 1178 2377 1254; x_wconf 89' lang='lat' dir='ltr'><strong>quam</strong></span> 
     </span>
     <span class='ocr_line' id='line_1_7' title="bbox 188 1257 2375 1360; baseline 0.003 -32"><span class='ocrx_word' id='word_1_40' title='bbox 188 1278 703 1331; x_wconf 84' lang='lat' dir='ltr'><strong>successorum</strong></span> <span class='ocrx_word' id='word_1_41' title='bbox 727 1273 1147 1331; x_wconf 82' lang='lat' dir='ltr'><strong>vestrorum</strong></span> <span class='ocrx_word' id='word_1_42' title='bbox 1184 1282 1558 1360; x_wconf 77' lang='lat' dir='ltr'><strong>personas,</strong></span> <span class='ocrx_word' id='word_1_43' title='bbox 1587 1257 1946 1332; x_wconf 87' lang='lat' dir='ltr'><strong>honorem</strong></span> <span class='ocrx_word' id='word_1_44' title='bbox 1978 1274 2055 1332; x_wconf 89' lang='lat' dir='ltr'><strong>et</strong></span> <span class='ocrx_word' id='word_1_45' title='bbox 2080 1275 2375 1354; x_wconf 87' lang='lat' dir='ltr'><strong>statum,</strong></span> 
     </span>
     <span class='ocr_line' id='line_1_8' title="bbox 184 1354 2373 1476; baseline 0.003 -42"><span class='ocrx_word' id='word_1_46' title='bbox 184 1357 733 1452; x_wconf 80' lang='lat' dir='ltr'><strong>manutenebit,</strong></span> <span class='ocrx_word' id='word_1_47' title='bbox 804 1380 883 1437; x_wconf 90' lang='lat' dir='ltr'><strong>et</strong></span> <span class='ocrx_word' id='word_1_48' title='bbox 937 1361 1292 1476; x_wconf 67' lang='lat' dir='ltr'><strong>defendet</strong></span> <span class='ocrx_word' id='word_1_49' title='bbox 1341 1388 1435 1439; x_wconf 81' lang='lat' dir='ltr'><strong>ac</strong></span> <span class='ocrx_word' id='word_1_50' title='bbox 1510 1354 2023 1457; x_wconf 78' lang='lat' dir='ltr'><strong>conseruabit,</strong></span> <span class='ocrx_word' id='word_1_51' title='bbox 2100 1381 2373 1442; x_wconf 88' lang='lat' dir='ltr'><strong>-contra</strong></span> 
     </span>
    </p>
   </div>
   <div class='ocr_carea' id='block_1_3' title="bbox 182 1464 2506 1575">
    <p class='ocr_par' dir='ltr' id='par_1_3' title="bbox 182 1464 2506 1575">
     <span class='ocr_line' id='line_1_9' title="bbox 182 1464 2506 1575; baseline 0.003 -34"><span class='ocrx_word' id='word_1_52' title='bbox 182 1491 446 1544; x_wconf 88' lang='lat' dir='ltr'><strong>omnes</strong></span> <span class='ocrx_word' id='word_1_53' title='bbox 484 1466 842 1560; x_wconf 84' lang='lat' dir='ltr'><strong>homines,</strong></span> <span class='ocrx_word' id='word_1_54' title='bbox 875 1471 1383 1575; x_wconf 71' lang='lat' dir='ltr'><strong>cuiuscunque</strong></span> <span class='ocrx_word' id='word_1_55' title='bbox 1424 1471 1827 1546; x_wconf 77' lang='lat' dir='ltr'><strong>existerent</strong></span> <span class='ocrx_word' id='word_1_56' title='bbox 1871 1472 2374 1574; x_wconf 86' lang='lat' dir='ltr'><strong>praeeminen—</strong></span> <span class='ocrx_word' id='word_1_57' title='bbox 2488 1464 2506 1484; x_wconf 79' lang='lat'><strong>‘</strong></span> 
     </span>
    </p>
   </div>
   <div class='ocr_carea' id='block_1_4' title="bbox 160 1573 2409 4351">
    <p class='ocr_par' dir='ltr' id='par_1_4' title="bbox 160 1573 2409 4351">
     <span class='ocr_line' id='line_1_10' title="bbox 183 1573 2370 1680; baseline 0.001 -30"><span class='ocrx_word' id='word_1_58' title='bbox 183 1576 372 1668; x_wconf 83' lang='lat' dir='ltr'><strong>tiae,</strong></span> <span class='ocrx_word' id='word_1_59' title='bbox 427 1573 800 1680; x_wconf 84' lang='lat' dir='ltr'><strong>dignitatis</strong></span> <span class='ocrx_word' id='word_1_60' title='bbox 839 1590 964 1650; x_wconf 87' lang='lat' dir='ltr'><strong>ant</strong></span> <span class='ocrx_word' id='word_1_61' title='bbox 990 1592 1239 1653; x_wconf 85' lang='lat' dir='ltr'><strong>status.</strong></span> <span class='ocrx_word' id='word_1_62' title='bbox 1302 1576 1414 1673; x_wconf 74' lang='lat'><strong>2.)</strong></span> <span class='ocrx_word' id='word_1_63' title='bbox 1470 1575 1735 1652; x_wconf 85' lang='lat' dir='ltr'><strong>Eidem</strong></span> <span class='ocrx_word' id='word_1_64' title='bbox 1772 1574 2194 1656; x_wconf 85' lang='lat' dir='ltr'><strong>adiicientes</strong></span> <span class='ocrx_word' id='word_1_65' title='bbox 2248 1578 2370 1653; x_wconf 85' lang='lat' dir='ltr'><strong>iu·</strong></span> 
     </span>
     <span class='ocr_line' id='line_1_11' title="bbox 179 1677 2376 1788; baseline 0.001 -30"><span class='ocrx_word' id='word_1_66' title='bbox 179 1699 567 1773; x_wconf 86' lang='lat' dir='ltr'><strong>ramento,</strong></span> <span class='ocrx_word' id='word_1_67' title='bbox 608 1679 819 1786; x_wconf 86' lang='lat' dir='ltr'><strong>quod</strong></span> <span class='ocrx_word' id='word_1_68' title='bbox 843 1678 1103 1758; x_wconf 82' lang='lat' dir='ltr'><strong>eadem</strong></span> <span class='ocrx_word' id='word_1_69' title='bbox 1146 1684 1486 1761; x_wconf 73' lang='lat' dir='ltr'><strong>Maiestas</strong></span> <span class='ocrx_word' id='word_1_70' title='bbox 1531 1677 2037 1760; x_wconf 83' lang='lat' dir='ltr'><strong>manutenebit</strong></span> <span class='ocrx_word' id='word_1_71' title='bbox 2076 1707 2376 1788; x_wconf 84' lang='lat' dir='ltr'><strong>semper</strong></span> 
     </span>
     <span class='ocr_line' id='line_1_12' title="bbox 184 1777 2370 1895; baseline -0 -31"><span class='ocrx_word' id='word_1_72' title='bbox 184 1808 414 1892; x_wconf 82' lang='lat' dir='ltr'><strong>atque</strong></span> <span class='ocrx_word' id='word_1_73' title='bbox 453 1787 779 1866; x_wconf 83' lang='lat' dir='ltr'><strong>seruabit</strong></span> <span class='ocrx_word' id='word_1_74' title='bbox 811 1788 1197 1893; x_wconf 82' lang='lat' dir='ltr'><strong>priuilegia</strong></span> <span class='ocrx_word' id='word_1_75' title='bbox 1233 1792 1539 1886; x_wconf 75' lang='lat' dir='ltr'><strong>omnia,</strong></span> <span class='ocrx_word' id='word_1_76' title='bbox 1581 1815 1720 1895; x_wconf 86' lang='lat' dir='ltr'><strong>per</strong></span> <span class='ocrx_word' id='word_1_77' title='bbox 1766 1777 2370 1893; x_wconf 73' lang='lat' dir='ltr'><strong>praedecessores</strong></span> 
     </span>
     <span class='ocr_line' id='line_1_13' title="bbox 183 1894 2373 2000; baseline -0.002 -26"><span class='ocrx_word' id='word_1_78' title='bbox 183 1921 361 1974; x_wconf 81' lang='lat' dir='ltr'><strong>suos</strong></span> <span class='ocrx_word' id='word_1_79' title='bbox 382 1949 412 1986; x_wconf 86' lang='lat'><strong>,</strong></span> <span class='ocrx_word' id='word_1_80' title='bbox 466 1920 685 2000; x_wconf 84' lang='lat' dir='ltr'><strong>reges</strong></span> <span class='ocrx_word' id='word_1_81' title='bbox 718 1912 793 1971; x_wconf 89' lang='lat' dir='ltr'><strong>et</strong></span> <span class='ocrx_word' id='word_1_82' title='bbox 825 1895 1305 2000; x_wconf 84' lang='lat' dir='ltr'><strong>imperatores</strong></span> <span class='ocrx_word' id='word_1_83' title='bbox 1343 1899 1770 1990; x_wconf 80' lang='lat' dir='ltr'><strong>Romanos,</strong></span> <span class='ocrx_word' id='word_1_84' title='bbox 1809 1894 2184 1999; x_wconf 81' lang='lat' dir='ltr'><strong>praefatae</strong></span> <span class='ocrx_word' id='word_1_85' title='bbox 2226 1899 2373 1971; x_wconf 87' lang='lat' dir='ltr'><strong>Ro·</strong></span> 
     </span>
     <span class='ocr_line' id='line_1_14' title="bbox 162 1996 2374 2106; baseline 0 -29"><span class='ocrx_word' id='word_1_86' title='bbox 162 2028 448 2078; x_wconf 71' lang='lat' dir='ltr'><strong>,manae</strong></span> <span class='ocrx_word' id='word_1_87' title='bbox 486 1996 899 2096; x_wconf 82' lang='lat' dir='ltr'><strong>Ecclesiae,</strong></span> <span class='ocrx_word' id='word_1_88' title='bbox 953 2027 1042 2078; x_wconf 90' lang='lat' dir='ltr'><strong>ac</strong></span> <span class='ocrx_word' id='word_1_89' title='bbox 1079 2004 1245 2080; x_wconf 88' lang='lat' dir='ltr'><strong>aliis·</strong></span> <span class='ocrx_word' id='word_1_90' title='bbox 1277 2001 1735 2106; x_wconf 82' lang='lat' dir='ltr'><strong>quibuslibet</strong></span> <span class='ocrx_word' id='word_1_91' title='bbox 1775 2001 2151 2095; x_wconf 81' lang='lat' dir='ltr'><strong>Ecclesiis,</strong></span> <span class='ocrx_word' id='word_1_92' title='bbox 2183 2025 2374 2101; x_wconf 90' lang='lat' dir='ltr'><strong>quo·</strong></span> 
     </span>
     <span class='ocr_line' id='line_1_15' title="bbox 183 2109 2373 2215; baseline -0.001 -28"><span class='ocrx_word' id='word_1_93' title='bbox 183 2134 491 2212; x_wconf 86' lang='lat' dir='ltr'><strong>cunque</strong></span> <span class='ocrx_word' id='word_1_94' title='bbox 530 2123 874 2186; x_wconf 87' lang='lat' dir='ltr'><strong>concessa</strong></span> <span class='ocrx_word' id='word_1_95' title='bbox 907 2123 1293 2215; x_wconf 88' lang='lat' dir='ltr'><strong>tempore,</strong></span> <span class='ocrx_word' id='word_1_96' title='bbox 1338 2111 1948 2215; x_wconf 77' lang='lat' dir='ltr'><strong>e‘t&#39;continentiae</strong></span> <span class='ocrx_word' id='word_1_97' title='bbox 1981 2109 2373 2184; x_wconf 87' lang='lat' dir='ltr'><strong>cuiuscun-</strong></span> 
     </span>
     <span class='ocr_line' id='line_1_16' title="bbox 181 2216 2375 2322; baseline -0 -30"><span class='ocrx_word' id='word_1_98' title='bbox 181 2235 340 2317; x_wconf 85' lang='lat' dir='ltr'><strong>que</strong></span> <span class='ocrx_word' id='word_1_99' title='bbox 411 2217 723 2319; x_wconf 84' lang='lat' dir='ltr'><strong>ipsaque</strong></span> <span class='ocrx_word' id='word_1_100' title='bbox 784 2216 1107 2310; x_wconf 78' lang='lat' dir='ltr'><strong>omnia,</strong></span> <span class='ocrx_word' id='word_1_101' title='bbox 1181 2233 1259 2294; x_wconf 91' lang='lat' dir='ltr'><strong>et</strong></span> <span class='ocrx_word' id='word_1_102' title='bbox 1316 2217 1735 2322; x_wconf 78' lang='lat' dir='ltr'><strong>specialiter</strong></span> <span class='ocrx_word' id='word_1_103' title='bbox 1807 2219 1906 2291; x_wconf 67' lang='lat' dir='ltr'><strong>ac?</strong></span> <span class='ocrx_word' id='word_1_104' title='bbox 1964 2218 2375 2321; x_wconf 85' lang='lat' dir='ltr'><strong>praecipue</strong></span> 
     </span>
     <span class='ocr_line' id='line_1_17' title="bbox 178 2321 2373 2431; baseline 0 -34"><span class='ocrx_word' id='word_1_105' title='bbox 178 2349 328 2430; x_wconf 86' lang='lat' dir='ltr'><strong>per</strong></span> <span class='ocrx_word' id='word_1_106' title='bbox 410 2321 837 2431; x_wconf 75' lang='lat' dir='ltr'><strong>praeclarae</strong></span> <span class='ocrx_word' id='word_1_107' title='bbox 914 2327 1321 2401; x_wconf 88' lang='lat' dir='ltr'><strong>memoriae</strong></span> <span class='ocrx_word' id='word_1_108' title='bbox 1394 2325 1957 2400; x_wconf 86' lang='lat' dir='ltr'><strong>Constantinum</strong></span> <span class='ocrx_word' id='word_1_109' title='bbox 1992 2372 2019 2415; x_wconf 91' lang='lat'><strong>,</strong></span> <span class='ocrx_word' id='word_1_110' title='bbox 2124 2321 2373 2398; x_wconf 88' lang='lat' dir='ltr'><strong>Caro-</strong></span> 
     </span>
     <span class='ocr_line' id='line_1_18' title="bbox 179 2429 2368 2528; baseline 0 -22"><span class='ocrx_word' id='word_1_111' title='bbox 179 2431 380 2526; x_wconf 87' lang='lat' dir='ltr'><strong>lum,</strong></span> <span class='ocrx_word' id='word_1_112' title='bbox 437 2431 840 2508; x_wconf 86' lang='lat' dir='ltr'><strong>Henricum</strong></span> <span class='ocrx_word' id='word_1_113' title='bbox 871 2488 897 2528; x_wconf 92' lang='lat'><strong>,</strong></span> <span class='ocrx_word' id='word_1_114' title='bbox 966 2430 1321 2509; x_wconf 79' lang='lat' dir='ltr'><strong>Ottonem</strong></span> <span class='ocrx_word' id='word_1_115' title='bbox 1374 2429 1509 2507; x_wconf 85' lang='lat' dir='ltr'><strong>IV.</strong></span> <span class='ocrx_word' id='word_1_116' title='bbox 1587 2429 2043 2508; x_wconf 76' lang='lat' dir='ltr'><strong>Fridericum</strong></span> <span class='ocrx_word' id='word_1_117' title='bbox 2097 2429 2191 2506; x_wconf 85' lang='lat'><strong>11.</strong></span> <span class='ocrx_word' id='word_1_118' title='bbox 2261 2445 2368 2506; x_wconf 88' lang='lat' dir='ltr'><strong>at·</strong></span> 
     </span>
     <span class='ocr_line' id='line_1_19' title="bbox 179 2534 2369 2644; baseline -0.001 -29"><span class='ocrx_word' id='word_1_119' title='bbox 179 2562 337 2641; x_wconf 83' lang='lat' dir='ltr'><strong>que</strong></span> <span class='ocrx_word' id='word_1_120' title='bbox 413 2534 892 2641; x_wconf 84' lang='lat' dir='ltr'><strong>Rudolphum</strong></span> <span class='ocrx_word' id='word_1_121' title='bbox 920 2593 943 2634; x_wconf 93' lang='lat'><strong>,</strong></span> <span class='ocrx_word' id='word_1_122' title='bbox 1014 2538 1619 2644; x_wconf 78' lang='lat' dir='ltr'><strong>praedecessores</strong></span> <span class='ocrx_word' id='word_1_123' title='bbox 1663 2539 1946 2642; x_wconf 77' lang='lat' dir='ltr'><strong>ipsius,</strong></span> <span class='ocrx_word' id='word_1_124' title='bbox 2018 2561 2369 2643; x_wconf 87' lang='lat' dir='ltr'><strong>praeser-</strong></span> 
     </span>
     <span class='ocr_line' id='line_1_20' title="bbox 176 2643 2365 2748; baseline 0 -29"><span class='ocrx_word' id='word_1_125' title='bbox 176 2648 319 2720; x_wconf 88' lang='lat' dir='ltr'><strong>tim</strong></span> <span class='ocrx_word' id='word_1_126' title='bbox 378 2667 602 2748; x_wconf 86' lang='lat' dir='ltr'><strong>super</strong></span> <span class='ocrx_word' id='word_1_127' title='bbox 648 2645 1133 2724; x_wconf 79' lang='lat' dir='ltr'><strong>concessione</strong></span> <span class='ocrx_word' id='word_1_128' title='bbox 1156 2663 1195 2742; x_wconf 67' lang='lat'><strong>‚²</strong></span> <span class='ocrx_word' id='word_1_129' title='bbox 1235 2646 1742 2748; x_wconf 77' lang='lat' dir='ltr'><strong>recognitione</strong></span> <span class='ocrx_word' id='word_1_130' title='bbox 1767 2701 1791 2739; x_wconf 91' lang='lat'><strong>,</strong></span> <span class='ocrx_word' id='word_1_131' title='bbox 1826 2643 2365 2737; x_wconf 84' lang='lat' dir='ltr'><strong>aduocatione,</strong></span> 
     </span>
     <span class='ocr_line' id='line_1_21' title="bbox 178 2749 2369 2855; baseline 0 -28"><span class='ocrx_word' id='word_1_132' title='bbox 178 2749 644 2855; x_wconf 85' lang='lat' dir='ltr'><strong>quitatione,</strong></span> <span class='ocrx_word' id='word_1_133' title='bbox 716 2779 804 2830; x_wconf 89' lang='lat' dir='ltr'><strong>ao</strong></span> <span class='ocrx_word' id='word_1_134' title='bbox 855 2750 1087 2830; x_wconf 84' lang='lat' dir='ltr'><strong>libera</strong></span> <span class='ocrx_word' id='word_1_135' title='bbox 1132 2752 1606 2831; x_wconf 77' lang='lat' dir='ltr'><strong>admissione</strong></span> <span class='ocrx_word' id='word_1_136' title='bbox 1635 2770 1997 2829; x_wconf 76' lang='lat' dir='ltr'><strong>terrarum</strong></span> <span class='ocrx_word' id='word_1_137' title='bbox 2053 2768 2128 2827; x_wconf 90' lang='lat' dir='ltr'><strong>et</strong></span> <span class='ocrx_word' id='word_1_138' title='bbox 2174 2775 2369 2855; x_wconf 89' lang='lat' dir='ltr'><strong>pro-</strong></span> 
     </span>
     <span class='ocr_line' id='line_1_22' title="bbox 175 2858 2365 2962; baseline 0 -29"><span class='ocrx_word' id='word_1_139' title='bbox 175 2860 593 2933; x_wconf 83' lang='lat' dir='ltr'><strong>uinciarum</strong></span> <span class='ocrx_word' id='word_1_140' title='bbox 644 2860 1030 2936; x_wconf 80' lang='lat' dir='ltr'><strong>Romanae</strong></span> <span class='ocrx_word' id='word_1_141' title='bbox 1079 2859 1487 2953; x_wconf 87' lang='lat' dir='ltr'><strong>Ecclesiae,</strong></span> <span class='ocrx_word' id='word_1_142' title='bbox 1559 2859 1867 2934; x_wconf 70' lang='lat' dir='ltr'><strong>vbilib‘et</strong></span> <span class='ocrx_word' id='word_1_143' title='bbox 1916 2858 2365 2962; x_wconf 86' lang='lat' dir='ltr'><strong>positarum.</strong></span> 
     </span>
     <span class='ocr_line' id='line_1_23' title="bbox 175 2963 2372 3068; baseline 0 -29"><span class='ocrx_word' id='word_1_144' title='bbox 175 2990 500 3067; x_wconf 87' lang='lat' dir='ltr'><strong>quarum</strong></span> <span class='ocrx_word' id='word_1_145' title='bbox 577 2966 794 3041; x_wconf 89' lang='lat' dir='ltr'><strong>etiam</strong></span> <span class='ocrx_word' id='word_1_146' title='bbox 869 2968 1135 3042; x_wconf 84' lang='lat' dir='ltr'><strong>multas</strong></span> <span class='ocrx_word' id='word_1_147' title='bbox 1204 2968 1639 3044; x_wconf 89' lang='lat' dir='ltr'><strong>nominatim</strong></span> <span class='ocrx_word' id='word_1_148' title='bbox 1706 2968 2064 3068; x_wconf 85' lang='lat' dir='ltr'><strong>expressit</strong></span> <span class='ocrx_word' id='word_1_149' title='bbox 2102 2978 2136 3057; x_wconf 85' lang='lat'><strong>,‘</strong></span> <span class='ocrx_word' id='word_1_150' title='bbox 2205 2963 2372 3039; x_wconf 83' lang='lat' dir='ltr'><strong>sedi·</strong></span> 
     </span>
     <span class='ocr_line' id='line_1_24' title="bbox 171 3068 2366 3174; baseline -0.001 -27"><span class='ocrx_word' id='word_1_151' title='bbox 171 3073 646 3172; x_wconf 86' lang='lat' dir='ltr'><strong>Apostolicae</strong></span> <span class='ocrx_word' id='word_1_152' title='bbox 679 3127 703 3167; x_wconf 89' lang='lat'><strong>,</strong></span> <span class='ocrx_word' id='word_1_153' title='bbox 796 3068 1325 3174; x_wconf 84' lang='lat' dir='ltr'><strong>Romanisque</strong></span> <span class='ocrx_word' id='word_1_154' title='bbox 1368 3070 1865 3147; x_wconf 82' lang='lat' dir='ltr'><strong>Pontificibus</strong></span> <span class='ocrx_word' id='word_1_155' title='bbox 1950 3068 2090 3145; x_wconf 80' lang='lat' dir='ltr'><strong>sub</strong></span> <span class='ocrx_word' id='word_1_156' title='bbox 2165 3071 2366 3172; x_wconf 85' lang='lat' dir='ltr'><strong>quo-</strong></span> 
     </span>
     <span class='ocr_line' id='line_1_25' title="bbox 170 3172 2355 3283; baseline -0.001 -31"><span class='ocrx_word' id='word_1_157' title='bbox 170 3180 481 3280; x_wconf 80' lang='lat' dir='ltr'><strong>cunque</strong></span> <span class='ocrx_word' id='word_1_158' title='bbox 517 3194 778 3254; x_wconf 88' lang='lat' dir='ltr'><strong>tenore</strong></span> <span class='ocrx_word' id='word_1_159' title='bbox 821 3206 1209 3272; x_wconf 81' lang='lat' dir='ltr'><strong>concessa,</strong></span> <span class='ocrx_word' id='word_1_160' title='bbox 1265 3193 1800 3283; x_wconf 85' lang='lat' dir='ltr'><strong>recognoscet,</strong></span> <span class='ocrx_word' id='word_1_161' title='bbox 1856 3172 2355 3267; x_wconf 86' lang='lat' dir='ltr'><strong>confirmabit,</strong></span> 
     </span>
     <span class='ocr_line' id='line_1_26' title="bbox 174 3283 2373 3380; baseline -0.001 -20"><span class='ocrx_word' id='word_1_162' title='bbox 174 3301 269 3364; x_wconf 80' lang='lat' dir='ltr'><strong>et.</strong></span> <span class='ocrx_word' id='word_1_163' title='bbox 304 3310 397 3359; x_wconf 84' lang='lat' dir='ltr'><strong>ex</strong></span> <span class='ocrx_word' id='word_1_164' title='bbox 450 3302 655 3361; x_wconf 83' lang='lat' dir='ltr'><strong>certa</strong></span> <span class='ocrx_word' id='word_1_165' title='bbox 708 3286 1011 3362; x_wconf 70' lang='lat' dir='ltr'><strong>scientia</strong></span> <span class='ocrx_word' id='word_1_166' title='bbox 1076 3287 1531 3380; x_wconf 68' lang='lat' dir='ltr'><strong>innoaabit„</strong></span> <span class='ocrx_word' id='word_1_167' title='bbox 1588 3283 1680 3359; x_wconf 81' lang='lat' dir='ltr'><strong>ac</strong></span> <span class='ocrx_word' id='word_1_168' title='bbox 1735 3285 1954 3360; x_wconf 87' lang='lat' dir='ltr'><strong>etiam</strong></span> <span class='ocrx_word' id='word_1_169' title='bbox 2004 3283 2100 3358; x_wconf 83' lang='lat' dir='ltr'><strong>de</strong></span> <span class='ocrx_word' id='word_1_170' title='bbox 2156 3307 2373 3358; x_wconf 81' lang='lat' dir='ltr'><strong>nouo·</strong></span> 
     </span>
     <span class='ocr_line' id='line_1_27' title="bbox 167 3387 2362 3497; baseline -0.003 -30"><span class='ocrx_word' id='word_1_171' title='bbox 167 3387 588 3486; x_wconf 68' lang='lat' dir='ltr'><strong>concedet,</strong></span> <span class='ocrx_word' id='word_1_172' title='bbox 644 3409 720 3467; x_wconf 90' lang='lat' dir='ltr'><strong>et</strong></span> <span class='ocrx_word' id='word_1_173' title='bbox 753 3409 982 3468; x_wconf 87' lang='lat' dir='ltr'><strong>terras</strong></span> <span class='ocrx_word' id='word_1_174' title='bbox 1009 3394 1204 3495; x_wconf 80' lang='lat' dir='ltr'><strong>ipsas</strong></span> <span class='ocrx_word' id='word_1_175' title='bbox 1237 3411 1461 3497; x_wconf 86' lang='lat' dir='ltr'><strong>atque</strong></span> <span class='ocrx_word' id='word_1_176' title='bbox 1499 3392 1920 3497; x_wconf 88' lang='lat' dir='ltr'><strong>prouincias</strong></span> <span class='ocrx_word' id='word_1_177' title='bbox 1979 3413 2362 3492; x_wconf 84' lang='lat' dir='ltr'><strong>recogno-</strong></span> 
     </span>
     <span class='ocr_line' id='line_1_28' title="bbox 168 3495 2361 3605; baseline -0.003 -31"><span class='ocrx_word' id='word_1_178' title='bbox 168 3515 337 3574; x_wconf 84' lang='lat' dir='ltr'><strong>scet</strong></span> <span class='ocrx_word' id='word_1_179' title='bbox 367 3496 460 3573; x_wconf 90' lang='lat' dir='ltr'><strong>ad</strong></span> <span class='ocrx_word' id='word_1_180' title='bbox 493 3501 604 3573; x_wconf 83' lang='lat' dir='ltr'><strong>ius</strong></span> <span class='ocrx_word' id='word_1_181' title='bbox 643 3516 719 3575; x_wconf 88' lang='lat' dir='ltr'><strong>et</strong></span> <span class='ocrx_word' id='word_1_182' title='bbox 762 3503 1289 3605; x_wconf 84' lang='lat' dir='ltr'><strong>proprietatem</strong></span> <span class='ocrx_word' id='word_1_183' title='bbox 1327 3501 1554 3605; x_wconf 81' lang='lat' dir='ltr'><strong>ipsius</strong></span> <span class='ocrx_word' id='word_1_184' title='bbox 1594 3497 1965 3575; x_wconf 82' lang='lat' dir='ltr'><strong>Ecclesiae</strong></span> <span class='ocrx_word' id='word_1_185' title='bbox 2013 3495 2361 3598; x_wconf 73' lang='lat' dir='ltr'><strong>plenissi-</strong></span> 
     </span>
     <span class='ocr_line' id='line_1_29' title="bbox 170 3599 2371 3713; baseline -0.002 -34"><span class='ocrx_word' id='word_1_186' title='bbox 170 3631 300 3680; x_wconf 87' lang='lat' dir='ltr'><strong>me</strong></span> <span class='ocrx_word' id='word_1_187' title='bbox 368 3609 745 3708; x_wconf 84' lang='lat' dir='ltr'><strong>pertinere</strong></span> <span class='ocrx_word' id='word_1_188' title='bbox 785 3660 809 3698; x_wconf 91' lang='lat'><strong>,</strong></span> <span class='ocrx_word' id='word_1_189' title='bbox 914 3631 1186 3713; x_wconf 85' lang='lat' dir='ltr'><strong>easque</strong></span> <span class='ocrx_word' id='word_1_190' title='bbox 1257 3606 1731 3691; x_wconf 84' lang='lat' dir='ltr'><strong>nihilominus</strong></span> <span class='ocrx_word' id='word_1_191' title='bbox 1764 3648 1770 3653; x_wconf 85' lang='lat'>·</span> <span class='ocrx_word' id='word_1_192' title='bbox 1801 3631 1896 3679; x_wconf 84' lang='lat' dir='ltr'><strong>ex</strong></span> <span class='ocrx_word' id='word_1_193' title='bbox 1958 3599 2371 3678; x_wconf 83' lang='lat' dir='ltr'><strong>abundanti·</strong></span> 
     </span>
     <span class='ocr_line' id='line_1_30' title="bbox 168 3709 2358 3818; baseline -0.002 -32"><span class='ocrx_word' id='word_1_194' title='bbox 168 3712 274 3786; x_wconf 89' lang='lat' dir='ltr'><strong>de</strong></span> <span class='ocrx_word' id='word_1_195' title='bbox 351 3735 556 3787; x_wconf 89' lang='lat' dir='ltr'><strong>nouo</strong></span> <span class='ocrx_word' id='word_1_196' title='bbox 616 3712 991 3791; x_wconf 78' lang='lat' dir='ltr'><strong>‘Ecclesiae</strong></span> <span class='ocrx_word' id='word_1_197' title='bbox 1056 3711 1427 3818; x_wconf 81' lang='lat' dir='ltr'><strong>praefatae</strong></span> <span class='ocrx_word' id='word_1_198' title='bbox 1522 3710 1880 3811; x_wconf 75' lang='lat' dir='ltr'><strong>donabit,</strong></span> <span class='ocrx_word' id='word_1_199' title='bbox 1925 3744 1928 3745; x_wconf 30' lang='lat' dir='ltr'><strong><em>f</em></strong></span> <span class='ocrx_word' id='word_1_200' title='bbox 1977 3734 2063 3783; x_wconf 89' lang='lat' dir='ltr'><strong>ac</strong></span> <span class='ocrx_word' id='word_1_201' title='bbox 2136 3709 2358 3782; x_wconf 89' lang='lat' dir='ltr'><strong>etiam</strong></span> 
     </span>
     <span class='ocr_line' id='line_1_31' title="bbox 169 3812 2368 3926; baseline -0.002 -33"><span class='ocrx_word' id='word_1_202' title='bbox 169 3818 273 3893; x_wconf 87' lang='lat' dir='ltr'><strong>de</strong></span> <span class='ocrx_word' id='word_1_203' title='bbox 358 3842 562 3894; x_wconf 88' lang='lat' dir='ltr'><strong>nouo</strong></span> <span class='ocrx_word' id='word_1_204' title='bbox 647 3817 1006 3896; x_wconf 86' lang='lat' dir='ltr'><strong>concedet</strong></span> <span class='ocrx_word' id='word_1_205' title='bbox 1064 3849 1087 3915; x_wconf 92' lang='lat'>;</span> <span class='ocrx_word' id='word_1_206' title='bbox 1184 3819 1324 3896; x_wconf 90' lang='lat' dir='ltr'><strong>sub</strong></span> <span class='ocrx_word' id='word_1_207' title='bbox 1405 3815 1786 3926; x_wconf 82' lang='lat' dir='ltr'><strong>praedicto</strong></span> <span class='ocrx_word' id='word_1_208' title='bbox 1851 3842 1930 3891; x_wconf 87' lang='lat' dir='ltr'><strong>se</strong></span> <span class='ocrx_word' id='word_1_209' title='bbox 2022 3812 2368 3915; x_wconf 76' lang='lat' dir='ltr'><strong>obligans-</strong></span> 
     </span>
     <span class='ocr_line' id='line_1_32' title="bbox 163 3922 2360 4030; baseline -0 -31"><span class='ocrx_word' id='word_1_210' title='bbox 163 3926 592 3999; x_wconf 85' lang='lat' dir='ltr'><strong>iuramento</strong></span> <span class='ocrx_word' id='word_1_211' title='bbox 622 3981 644 4019; x_wconf 94' lang='lat'>‚</span> <span class='ocrx_word' id='word_1_212' title='bbox 701 3922 908 4030; x_wconf 85' lang='lat' dir='ltr'><strong>quod</strong></span> <span class='ocrx_word' id='word_1_213' title='bbox 967 3927 1160 4029; x_wconf 83' lang='lat' dir='ltr'><strong>ipsas</strong></span> <span class='ocrx_word' id='word_1_214' title='bbox 1233 3926 1351 4003; x_wconf 82' lang='lat' dir='ltr'><strong>vel</strong></span> <span class='ocrx_word' id='word_1_215' title='bbox 1412 3924 1746 4029; x_wconf 67' lang='lat' dir='ltr'><strong>‘aliquam</strong></span> <span class='ocrx_word' id='word_1_216' title='bbox 1797 3925 2120 4028; x_wconf 86' lang='lat' dir='ltr'><strong>ipsarum</strong></span> <span class='ocrx_word' id='word_1_217' title='bbox 2178 3930 2360 4024; x_wconf 79' lang='lat' dir='ltr'><strong>par-¹</strong></span> 
     </span>
     <span class='ocr_line' id='line_1_33' title="bbox 162 4028 2364 4147; baseline -0.004 -39"><span class='ocrx_word' id='word_1_218' title='bbox 162 4048 321 4117; x_wconf 86' lang='lat' dir='ltr'><strong>tem</strong></span> <span class='ocrx_word' id='word_1_219' title='bbox 372 4030 583 4109; x_wconf 86' lang='lat' dir='ltr'><strong>nullo</strong></span> <span class='ocrx_word' id='word_1_220' title='bbox 607 4028 947 4139; x_wconf 40' lang='lat' dir='ltr'><strong>&amp;nquam</strong></span> <span class='ocrx_word' id='word_1_221' title='bbox 990 4030 1323 4139; x_wconf 88' lang='lat' dir='ltr'><strong>tempore</strong></span> <span class='ocrx_word' id='word_1_222' title='bbox 1379 4030 1824 4134; x_wconf 77' lang='lat' dir='ltr'><strong>occupabit,</strong></span> <span class='ocrx_word' id='word_1_223' title='bbox 1882 4055 2061 4123; x_wconf 77' lang='lat' dir='ltr'><strong>seu,</strong></span> <span class='ocrx_word' id='word_1_224' title='bbox 2113 4055 2364 4147; x_wconf 68' lang='lat' dir='ltr'><strong>qnan-</strong></span> 
     </span>
     <span class='ocr_line' id='line_1_34' title="bbox 164 4137 2409 4245; baseline -0.001 -32"><span class='ocrx_word' id='word_1_225' title='bbox 164 4155 335 4215; x_wconf 84' lang='lat' dir='ltr'><strong>tum</strong></span> <span class='ocrx_word' id='word_1_226' title='bbox 370 4139 447 4212; x_wconf 92' lang='lat' dir='ltr'><strong>in</strong></span> <span class='ocrx_word' id='word_1_227' title='bbox 484 4164 578 4227; x_wconf 80' lang='lat' dir='ltr'><strong>eo</strong></span> <span class='ocrx_word' id='word_1_228' title='bbox 617 4142 760 4216; x_wconf 87' lang='lat' dir='ltr'><strong>erit</strong></span> <span class='ocrx_word' id='word_1_229' title='bbox 782 4197 804 4236; x_wconf 92' lang='lat'><strong>,</strong></span> <span class='ocrx_word' id='word_1_230' title='bbox 858 4138 1215 4245; x_wconf 87' lang='lat' dir='ltr'><strong>occupari</strong></span> <span class='ocrx_word' id='word_1_231' title='bbox 1246 4139 1663 4245; x_wconf 87' lang='lat' dir='ltr'><strong>permittet,</strong></span> <span class='ocrx_word' id='word_1_232' title='bbox 1698 4137 2185 4242; x_wconf 85' lang='lat' dir='ltr'><strong>possessiones</strong></span> <span class='ocrx_word' id='word_1_233' title='bbox 2228 4151 2362 4210; x_wconf 86' lang='lat' dir='ltr'><strong>aut</strong></span> <span class='ocrx_word' id='word_1_234' title='bbox 2393 4155 2409 4169; x_wconf 83' lang='lat'><strong>·</strong></span> 
     </span>
     <span class='ocr_line' id='line_1_35' title="bbox 160 4241 2370 4351; baseline -0.003 -31"><span class='ocrx_word' id='word_1_235' title='bbox 160 4247 463 4321; x_wconf 75' lang='lat' dir='ltr'><strong>semitas</strong></span> <span class='ocrx_word' id='word_1_236' title='bbox 505 4242 811 4329; x_wconf 84' lang='lat' dir='ltr'><strong>habebit</strong></span> <span class='ocrx_word' id='word_1_237' title='bbox 836 4305 860 4347; x_wconf 90' lang='lat'><strong>,</strong></span> <span class='ocrx_word' id='word_1_238' title='bbox 915 4275 1046 4327; x_wconf 88' lang='lat' dir='ltr'><strong>seu</strong></span> <span class='ocrx_word' id='word_1_239' title='bbox 1099 4241 1660 4351; x_wconf 87' lang='lat' dir='ltr'><strong>quomodolibet</strong></span> <span class='ocrx_word' id='word_1_240' title='bbox 1710 4241 2164 4350; x_wconf 73' lang='lat' dir='ltr'><strong>possidebit3</strong></span> <span class='ocrx_word' id='word_1_241' title='bbox 2222 4265 2370 4315; x_wconf 87' lang='lat' dir='ltr'><strong>nec-</strong></span> 
     </span>
    </p>
   </div>
  </div>
 </body>
</html>
