2926 4849
690 391 847 525 ssa

589 657 863 755 semel,
916 677 994 741 et
1036 663 1191 769 ipsa
1241 659 1755 741 tantumnodo
1813 661 2023 757 viee,
2094 656 2353 764 aliquo
2402 663 2762 767 temporis

586 793 970 865 successu,
998 771 1275 875 pluries
1308 773 1386 848 iu
1433 796 1669 873 regno
1711 786 1970 846 nostro
2007 766 2471 870 Hungariae‚
2527 796 2617 846 ac
2653 795 2764 846 re-

582 877 748 983 guis
773 891 851 949 et
904 878 1120 952 terris
1166 874 1409 951 eidem
1446 876 1749 952 adnexis
1775 931 1797 970 ,
1825 877 2347 980 imponantur,
2390 872 2758 968 dicentur,
2879 869 2884 878 ’

584 1001 666 1061 et
690 984 1225 1083 exiganturaut
1256 986 1335 1057 in
1368 982 1796 1061 vlteriorem
1828 980 2445 1058 consuetudinem
2483 982 2763 1058 trahan-

587 1107 730 1167 tur.
785 1089 942 1169 Nos
977 1109 1214 1167 totum
1251 1092 1602 1193 Regnum
1644 1107 1982 1164 nostrum
2024 1107 2100 1164 et
2150 1089 2558 1193 quemlibet
2615 1089 2764 1165 Co·

585 1199 920 1275 mitatum
961 1199 1288 1274 eiusdem
1329 1224 1469 1303 per
1501 1199 1804 1275 Nostras
1842 1197 2085 1271 literas
2123 1195 2532 1300 superinde
2556 1222 2764 1272 secu·

584 1329 758 1382 rare
797 1304 1173 1402 volentes,
1227 1331 1404 1381 ecce
1448 1303 1778 1380 fidelitati
1819 1303 2127 1378 Vestrae
2164 1321 2239 1379 et
2276 1301 2584 1378 cuilibet
2631 1326 2764 1378 ve·

588 1426 826 1487 strum
860 1414 1363 1517 praesentium
1392 1426 1654 1488 tenore
1709 1411 2253 1514 promittimus,
2319 1405 2398 1485 et
2449 1406 2762 1486 eandem

588 1540 1056 1612 accuramus,
1125 1538 1210 1596 ut
1268 1520 1719 1623 peramplius
1760 1515 2182 1592 huiusmodi
2221 1515 2764 1612 semidecimas‚

588 1645 724 1699 seu
766 1624 1188 1701 vicesimam
1218 1642 1506 1731 partem
1539 1625 1991 1700 decimarum
2033 1650 2260 1728 super
2294 1625 2640 1716 clerum,
2692 1639 2767 1700 et

588 1731 1223 1832 quinquasimam,
1282 1755 1415 1805 seu
1454 1732 1549 1807 de
1589 1735 2125 1836 quinquaginta
2161 1729 2482 1805 denariis
2506 1756 2765 1822 vnum,

587 1836 686 1913 do
724 1841 1263 1943 quinquaginta
1300 1839 1598 1914 florenis
1644 1866 1913 1932 vnum,
1968 1854 2047 1912 et
2079 1838 2176 1915 de
2211 1854 2512 1915 eentum
2552 1835 2765 1912 flore-

587 1945 702 2042 nis
735 1945 968 2038 duos,
1022 1972 1109 2022 ac
1144 1947 1236 2023 de
1276 1968 1430 2020 non
1463 1944 1910 2022 habentibus
1940 1944 2221 2022 reditus
2258 1969 2385 2022 sex
2417 1942 2765 2019 denarios

586 2047 1100 2154 praenotatos,
1154 2079 1381 2157 super
1426 2067 1774 2156 personas
1824 2050 2191 2128 seculares
2242 2078 2372 2127 seu
2434 2048 2767 2142 laicales,

586 2158 917 2261 imponi,
973 2156 1275 2254 dicari‚·
1301 2177 1376 2237 et
1408 2153 1605 2260 exigi
1642 2185 1797 2233 non
1824 2161 2215 2255 faciemus3
2248 2156 2616 2233 Volumus
2654 2182 2770 2231 au·-

590 2279 777 2350 tem,
834 2264 1042 2366 quod
1077 2271 1267 2344 sicut
1315 2268 1393 2342 in
1460 2265 1798 2373 quolibet
1843 2267 2214 2342 Comitatu
2258 2266 2471 2366 regni
2528 2262 2770 2339 nostri

589 2373 1236 2477 quinquagesimae
1258 2399 1396 2477 per
1415 2374 1818 2477 Deputatos
1841 2373 2508 2451 acCommunitates
2525 2371 2768 2445 cuius·

590 2476 779 2554 libet
815 2483 1204 2557 comitatus
1251 2481 1707 2556 dicabantur
1740 2499 1817 2556 et
1845 2485 2275 2583 exigentur,
2343 2480 2444 2553 ita
2497 2493 2579 2553 et
2627 2499 2810 2553 eom

588 2611 761 2661 rum
790 2583 1038 2660 medio
1063 2584 1259 2687 apud
1295 2584 1550 2667 fideles
1583 2612 1841 2662 manus
1873 2589 2200 2681 tamdiu,
2253 2586 2493 2660 donec
2535 2584 2624 2658 in
2662 2607 2771 2659 re·

588 2716 744 2794 gno
783 2694 1510 2796 nostro‘Hungariae
1548 2696 2032 2797 personaliter
2081 2694 2442 2770 fuerimus
2487 2692 2774 2767 eonsti-

589 2797 774 2890 tuti,
828 2818 1415 2894 cunseruentur5
1485 2817 1566 2876 vt
1609 2800 1908 2884 tandem
1951 2802 2046 2878 de
2096 2801 2378 2876 eisdem
2428 2795 2769 2902 pecuniis

586 2902 806 2978 simul
840 2930 1011 2980 cum
1052 2907 1367 2981 consilio
1403 2910 1949 2984 communitatis
1992 2906 2377 2985 cuiuslicet
2431 2904 2769 2980 Comita-

588 3023 709 3085 tus
744 3037 884 3114 pro
917 3017 1133 3115 regni
1166 3013 1476 3109 vtilitate
1501 3070 1521 3107 ,
1576 3016 1921 3118 profectu
1957 3031 2035 3092 et
2088 3030 2340 3118 optata
2379 3009 2772 3088 defensio·

582 3122 687 3191 'ue
729 3117 1122 3221 disponere
1157 3119 1550 3197 veleamus.
1605 3120 2110 3214 Quamobrem
2143 3138 2221 3198 et
2254 3145 2392 3225 per
2420 3119 2771 3194 Vestram

589 3220 1018 3301 fidelitatem
1051 3225 1145 3300 ad
1201 3227 1546 3302 dicandas
1591 3246 1667 3303 et
1721 3228 2116 3330 exigendas
2164 3225 2590 3304 huiusmodi
2634 3250 2775 3329 pe-

589 3332 885 3423 cunias,
950 3333 1273 3437 probos,
1352 3352 1430 3409 et
1490 3332 1636 3408 fide
1698 3333 1959 3439 dignos
2006 3334 2343 3410 iubemus
2389 3331 2773 3436 deputari.

586 3453 665 3512 et
699 3455 992 3517 exactas
1028 3440 1226 3544 apud
1268 3438 1527 3515 fideles
1566 3468 1824 3519 manus
1858 3445 1932 3516 in
1970 3438 2219 3517 medio
2246 3440 2475 3515 vestri
2517 3438 2774 3513 facere

590 3547 1021 3622 conseruari
1061 3572 1295 3648 vsque
1340 3546 1430 3621 ad
1471 3566 1808 3625 nostrum
1865 3551 2187 3626 reditum
2218 3602 2239 3642 ‚
2319 3548 2495 3622 Deo
2549 3541 2776 3619 dante

588 3649 668 3725 in
705 3653 1052 3759 proximo
1086 3653 1412 3728 fiendum
1451 3678 1595 3759 pro
1640 3660 1846 3759 regni
1886 3657 2313 3757 Hungariae
2337 3709 2361 3747 ‚
2415 3669 2496 3726 vt
2544 3674 2780 3755 prae·-

587 3761 891 3839 missum
929 3775 1079 3854 est,
1132 3761 1444 3835 vtilitate
1474 3816 1496 3856 ,
1544 3760 1976 3840 defensione
2013 3757 2527 3865 disponendas.
2584 3753 2778 3832 Illud

589 3882 840 3943 autem
871 3866 1090 3941 nobis
1123 3867 1409 3972 placet,
1466 3884 1542 3944 et
1574 3895 1798 3974 super
1836 3897 1931 3946 eo
1966 3892 2215 3947 sumus
2252 3864 2637 3959 contenti,
2697 3879 2777 3939 vt

589 3973 798 4079 prius
837 3991 914 4050 et
950 3990 1119 4050 ante
1146 3977 1404 4053 =omnia
1439 4001 1670 4081 super
1699 3979 1917 4055 Ciues
1959 3993 2035 4054 et
2069 3970 2519 4077 ‘Jobagiones
2541 4027 2567 4067 ‚
2619 3986 2773 4045 tam

586 4095 884 4159 nostros
926 4084 1213 4183 regales
1234 4132 1261 4175 .,
1316 4108 1537 4184 quam
1572 4084 1983 4189 reginales‚
2034 4109 2124 4159 ac
2158 4107 2385 4185 super
2419 4076 2773 4182 sobagio·

593 4211 727 4266 nes
768 4187 1079 4295 Despoti
1110 4186 1528 4292 (Rasciae),
1584 4192 1893 4273 Comitis
1935 4189 2168 4273 Ciliae
2194 4243 2218 4287 ,
2263 4188 2632 4266 Comitum
2677 4181 2774 4260 de
