2926 4849
2104 510 2253 619 523

157 724 261 827 gii
295 703 642 827 Martyris
682 706 992 823 praefati
1023 709 1104 798 in
1151 712 1446 798 causam
1491 711 1977 824 attracti'per
2012 717 2353 794 ‘amiota-⁴

165 849 324 906 tum
365 826 1623 934 Conuentus'dicti'procuratorem
1685 826 2035 927 congruis
2096 825 2358 926 diebus

161 938 493 1041 ipsorum
533 948 962 1009 octauarum
1002 952 1255 1011 coram
1296 933 1512 1009 nobis
1549 934 1990 1037 exspectati',
2030 950 2359 1008 nostram
2435 952 2456 995 1

165 1046 247 1120 in
300 1045 786 1146 praesentiam
838 1067 988 1114 non
1036 1058 1393 1118 venerant
1453 1066 1701 1143 neque
1766 1044 2158 1129 miserant,
2215 1062 2363 1113 nec

162 1147 542 1254 praefatos
610 1145 1054 1247 Jobagiones
1126 1166 1205 1223 et
1264 1146 1659 1223 familiares
1715 1169 1978 1224 eorum
2036 1163 2359 1222 statuere

165 1253 606 1346 debendos5
649 1258 1083 1350 statuissent,
1123 1255 1253 1329 sed
1298 1281 1376 1329 se
1413 1253 1905 1328 mediantibus
1944 1252 2174 1327 literis
2215 1279 2364 1329 no-

163 1363 339 1439 stris
372 1357 854 1436 Judicialibus
889 1360 1158 1436 exinde
1191 1361 1550 1438 confectis
1585 1363 1659 1435 in
1704 1359 1979 1436 iudicio
2017 1383 2365 1462 aggi-aua·

167 1469 239 1545 ri
288 1468 705 1572 permitten.
789 1467 1215 1544 Postulans:
1249 1464 2125 1572 praefatus-›procurator
2171 1463 2364 1541 -dicti

167 1577 474 1670 Actoris
507 1572 749 1669 eidem
797 1596 891 1649 ex
938 1570 1150 1679 parte
1194 1573 1583 1650 memorati
1625 1573 2363 1648 §menusanum-aeti

169 1682 732 1789 procuratoris,
791 1683 863 1754 in
907 1680 1553 1785 praemissis-Jnris
1591 1679 2058 1784 aequitatem-
2084 1682 2363 1781 imper·

167 1791 324 1864 tiri.
379 1787 471 1863 Et
507 1788 680 1890 quia
715 1786 940 1862 iidem
980 1788 1293 1864 Domina
1333 1805 1407 1862 et
1446 1782 2365 1886 Albertus·filius·Wy.eh·

164 1894 340 1971 kele
373 1891 468 1968 ad
499 1896 891 1997 praemissa
908 1899 1072 1971 vice
1095 1892 1538 1971 secundaria
1574 1893 1873 1970 euocari
1907 1891 2354 1982 debeantur,

122 2011 131 2019 '
232 2029 321 2078 ro
353 2027 449 2076 eo
483 2013 803 2092 vestram
834 2000 1260 2077 Amicitiam
1292 2000 1802 2105 praesentibus
1838 1999 2151 2099 petimus
2184 1996 2358 2073 dili·

164 2030 543 2211 figenter,
600 2126 955 2208 quatenus
1000 2125 1323 2185 vestrum
1365 2108 1750 2185 mitteretis
1801 2103 2180 2180 hominem
2209 2128 2363 2208 'pro

167 2214 603 2292 testimonio
638 2210 782 2289 fide
815 2213 1118 2315 dignum
1141 2272 1162 2308 ,
1222 2233 1371 2318 quo
1685 2229 1800 2288 nte
1833 2209 2059 2287 homo
2106 2227 2365 2287 noster

168 2322 377 2398 infra
390 2320 867 2395 declarandus
887 2340 1371 2398 memoratam
1685 2318 1983 2397 elictam
2001 2316 2366 2395 etAlber-

171 2445 367 2525 tum,
414 2426 642 2501 filium
677 2426 1094 2526 Wychkele
1116 2428 1210 2506 de
1250 2432 1479 2523 Ewrs,
1517 2429 1609 2529 ad
1647 2427 2366 2533 praemissarespon-

77 2532 90 2546 '
168 2563 327 2613 sur.
353 2542 617 2611 contra
638 2534 1049 2635 praefatum
1066 2536 1300 2612 Conu.
1322 2536 1417 2611 ad
1431 2555 1729 2612 octanas
1746 2532 2013 2609 festiB‘.
2043 2526 2363 2607 Michae-

169 2643 266 2718 lis
308 2637 673 2744 Archang.
696 2658 889 2717 -tunc
907 2661 1254 2728 venturas
1274 2662 1595 2718 nostram
1618 2656 2020 2719 enecarent
2041 2637 2118 2716 in
2151 2664 2359 2745 prae-

171 2751 516 2830 sentiam,
555 2750 729 2824 item
764 2748 1131 2851 praefatos
1170 2745 1560 2828 familiares
1603 2767 1679 2826 et
1719 2746 2200 2850 iobbagiones
2244 2773 2365 2822 eo-

169 2854 523 2934 rumdem
555 2852 814 2934 iisdem
858 2873 1180 2933 statuere
1220 2859 1786 2941 committerent.
1840 2854 1933 2929 Et
1977 2849 2143 2957 pos‘t
2186 2853 2368 2928 baec

169 2964 413 3068 ipsius
480 2964 938 3037 ¹euocationis
994 2966 1297 3056 seriem,
1383 2990 1558 3038 cum
1607 2960 2035 3039 nominibus
2071 2986 2368 3036 euoca-

170 3090 436 3148 torum
489 3078 565 3143 et
606 3074 820 3143 statui
890 3075 1495 3160 commissorum,
1571 3065 1665 3144 ad
1726 3067 2020 3142 easdem
2075 3085 2373 3143 octauas

172 3176 404 3252 nobis
455 3174 938 3253 amicabiliter
993 3176 1531 3251 rescriberetis.
1608 3175 1674 3250 A
1730 3172 1998 3278 quibus
2066 3171 2373 3274 quidem

152 3283 472 3362 octauis
526 3279 695 3356 festi
734 3284 936 3358 Beati
979 3283 1356 3359 Michaelis
1401 3280 1895 3386 Archangeli,
1940 3279 2120 3355 dum
2155 3303 2375 3355 causa

172 3393 509 3497 partium
541 3394 1036 3493 praescripta,
1093 3408 1338 3494 partes
1366 3393 1569 3466 inter
1619 3384 1918 3467 easdem
1965 3387 2374 3471 secundum

177 3499 462 3573 seriem
499 3498 820 3594 ipsarum
888 3498 1297 3575 litterarum
1352 3494 2375 3598 nostrarumprorogatoria*

173 3630 352 3680 rum
380 3659 400 3696 ‚
457 3602 548 3675 ad
590 3597 1009 3703 praesentes
1051 3623 1349 3686 octauas
1383 3604 1558 3679 festi
1602 3603 2166 3707 Epiphaniarum
2219 3599 2377 3671 Do·-

179 3713 369 3785 mini
407 3706 703 3782 dilatiue
739 3709 1202 3804 d'euenisset3
1242 3708 1539 3786 tandem
1572 3713 1744 3813 ipsis
1773 3707 2073 3785 ·octauis
2104 3709 2374 3782 instan-

177 3818 390 3895 tibus
415 3870 437 3907 ‚
476 3811 848 3915 praefatus
884 3818 1199 3892 Thomas
1238 3814 1587 3915 Crucifer
1616 3845 1756 3921 pro
1785 3831 2146 3903 ‚annotato
2187 3815 2379 3887 Con-

183 3940 428 3999 uentu
455 3921 1011 3998 Cruciferorum
1046 3925 1137 3997 de
1158 3923 1351 3998 Alba
1375 3942 1699 3998 nostram
1732 3925 2034 3997 veniens
2063 3918 2140 3992 in
2169 3945 2376 4024 prae·

185 4032 497 4107 sentiam
526 4084 542 4112 ,
578 4028 823 4103 literas
860 4048 1137 4106 vestras
1174 4057 1398 4132 super
1438 4030 1599 4132 ipsa
1631 4028 2081 4105 ¹euocatione
2120 4027 2379 4102 rescri-

186 4134 555 4240 ptionales
595 4135 816 4209 nobis
865 4138 1402 4242 praesentauit,
1463 4140 1539 4210 in
1594 4137 1867 4239 quibus
1924 4137 2223 4209 Petrum
2281 4131 2376 4205 de

190 4242 386 4319 Alba
411 4293 440 4337 ‚
470 4259 867 4340 nostrum,
926 4263 1003 4322 et
1046 4236 1363 4322 Blasium
1417 4241 1645 4321 Chori
1671 4240 2380 4321 Ecclesiaevestrae
