<?xml version="1.0" encoding="UTF-8"?>
<!DOCTYPE html PUBLIC "-//W3C//DTD XHTML 1.0 Transitional//EN"
    "http://www.w3.org/TR/xhtml1/DTD/xhtml1-transitional.dtd">
<html xmlns="http://www.w3.org/1999/xhtml" xml:lang="en" lang="en">
 <head>
  <title>
</title>
<meta http-equiv="Content-Type" content="text/html;charset=utf-8" />
  <meta name='ocr-system' content='tesseract 3.04.00' />
  <meta name='ocr-capabilities' content='ocr_page ocr_carea ocr_par ocr_line ocrx_word'/>
</head>
<body>
  <div class='ocr_page' id='page_1' title='image "./codexdiplomatic00fejgoog_0060.png"; bbox 0 0 2926 4849; ppageno 0'>
   <div class='ocr_carea' id='block_1_1' title="bbox 699 535 802 605">
    <p class='ocr_par' dir='ltr' id='par_1_1' title="bbox 699 535 802 605">
     <span class='ocr_line' id='line_1_1' title="bbox 699 535 802 605; baseline -0.029 0"><span class='ocrx_word' id='word_1_1' title='bbox 699 535 802 605; x_wconf 78' lang='lat'><strong>52</strong></span> 
     </span>
    </p>
   </div>
   <div class='ocr_carea' id='block_1_2' title="bbox 360 731 2786 3918">
    <p class='ocr_par' dir='ltr' id='par_1_2' title="bbox 587 731 2786 950">
     <span class='ocr_line' id='line_1_2' title="bbox 587 731 2786 843; baseline -0 -27"><span class='ocrx_word' id='word_1_2' title='bbox 587 735 961 816; x_wconf 86' lang='lat' dir='ltr'><strong>LXXVII.</strong></span> <span class='ocrx_word' id='word_1_3' title='bbox 1025 735 1236 814; x_wconf 90' lang='lat' dir='ltr'><strong>Idem</strong></span> <span class='ocrx_word' id='word_1_4' title='bbox 1308 731 1794 815; x_wconf 79' lang='lat' dir='ltr'><strong>Thurzoanoa</strong></span> <span class='ocrx_word' id='word_1_5' title='bbox 1865 736 1975 812; x_wconf 86' lang='lat' dir='ltr'><strong>ob·</strong></span> <span class='ocrx_word' id='word_1_6' title='bbox 2021 757 2143 814; x_wconf 80' lang='lat' dir='ltr'><strong>res</strong></span> <span class='ocrx_word' id='word_1_7' title='bbox 2190 731 2370 812; x_wconf 82' lang='lat' dir='ltr'><strong>b‘elti</strong></span> <span class='ocrx_word' id='word_1_8' title='bbox 2425 735 2786 843; x_wconf 79' lang='lat' dir='ltr'><strong>pacisque</strong></span> 
     </span>
     <span class='ocr_line' id='line_1_3' title="bbox 708 842 2200 950; baseline -0.001 -27"><span class='ocrx_word' id='word_1_9' title='bbox 708 870 715 875; x_wconf 86' lang='lat'><strong>·</strong></span> <span class='ocrx_word' id='word_1_10' title='bbox 796 846 1093 949; x_wconf 81' lang='lat' dir='ltr'><strong>egregie</strong></span> <span class='ocrx_word' id='word_1_11' title='bbox 1129 860 1365 947; x_wconf 86' lang='lat' dir='ltr'><strong>gestas</strong></span> <span class='ocrx_word' id='word_1_12' title='bbox 1402 842 1800 921; x_wconf 76' lang='lat' dir='ltr'><strong>donatione</strong></span> <span class='ocrx_word' id='word_1_13' title='bbox 1829 844 2200 950; x_wconf 79' lang='lat' dir='ltr'><strong>praemiat.</strong></span> 
     </span>
    </p>

    <p class='ocr_par' dir='ltr' id='par_1_3' title="bbox 578 947 2786 1145">
     <span class='ocr_line' id='line_1_4' title="bbox 578 947 2786 1058; baseline 0 -29"><span class='ocrx_word' id='word_1_14' title='bbox 578 953 984 1030; x_wconf 83' lang='lat' dir='ltr'><strong>Lxxvfll.</strong></span> <span class='ocrx_word' id='word_1_15' title='bbox 1037 947 1249 1028; x_wconf 88' lang='lat' dir='ltr'><strong>Idem</strong></span> <span class='ocrx_word' id='word_1_16' title='bbox 1344 953 1839 1054; x_wconf 83' lang='lat' dir='ltr'><strong>rorogatorias</strong></span> <span class='ocrx_word' id='word_1_17' title='bbox 1867 975 2014 1058; x_wconf 90' lang='lat' dir='ltr'><strong>pro</strong></span> <span class='ocrx_word' id='word_1_18' title='bbox 2069 964 2445 1029; x_wconf 90' lang='lat' dir='ltr'><strong>conuentu</strong></span> <span class='ocrx_word' id='word_1_19' title='bbox 2474 948 2786 1030; x_wconf 86' lang='lat' dir='ltr'><strong>Cricife-</strong></span> 
     </span>
     <span class='ocr_line' id='line_1_5' title="bbox 790 980 1962 1145; baseline -0.001 -9"><span class='ocrx_word' id='word_1_20' title='bbox 790 1087 1050 1145; x_wconf 86' lang='lat' dir='ltr'><strong>rorum</strong></span> <span class='ocrx_word' id='word_1_21' title='bbox 1084 1055 1180 1134; x_wconf 92' lang='lat' dir='ltr'><strong>de</strong></span> <span class='ocrx_word' id='word_1_22' title='bbox 1215 980 1407 1133; x_wconf 65' lang='lat' dir='ltr'><strong>Afba</strong></span> <span class='ocrx_word' id='word_1_23' title='bbox 1440 1058 1613 1137; x_wconf 84' lang='lat' dir='ltr'><strong>edit.</strong></span> <span class='ocrx_word' id='word_1_24' title='bbox 1955 1109 1962 1116; x_wconf 84' lang='lat'><em>-</em></span> 
     </span>
    </p>

    <p class='ocr_par' dir='ltr' id='par_1_4' title="bbox 573 1162 2782 1273">
     <span class='ocr_line' id='line_1_6' title="bbox 573 1162 2782 1273; baseline 0 -29"><span class='ocrx_word' id='word_1_25' title='bbox 573 1166 914 1244; x_wconf 85' lang='lat' dir='ltr'>LXXIX.</span> <span class='ocrx_word' id='word_1_26' title='bbox 988 1165 1198 1241; x_wconf 89' lang='lat' dir='ltr'><strong>Idem</strong></span> <span class='ocrx_word' id='word_1_27' title='bbox 1254 1163 1582 1241; x_wconf 81' lang='lat' dir='ltr'><strong>decimas</strong></span> <span class='ocrx_word' id='word_1_28' title='bbox 1649 1191 1788 1273; x_wconf 87' lang='lat' dir='ltr'><strong>per</strong></span> <span class='ocrx_word' id='word_1_29' title='bbox 1839 1162 2288 1241; x_wconf 76' lang='lat' dir='ltr'><strong>Comitatum</strong></span> <span class='ocrx_word' id='word_1_30' title='bbox 2347 1165 2782 1245; x_wconf 90' lang='lat' dir='ltr'><strong>Zoliensem</strong></span> 
     </span>
    </p>

    <p class='ocr_par' dir='ltr' id='par_1_5' title="bbox 702 1270 2188 1380">
     <span class='ocr_line' id='line_1_7' title="bbox 702 1270 2188 1380; baseline -0.003 -29"><span class='ocrx_word' id='word_1_31' title='bbox 702 1364 709 1375; x_wconf 21' lang='lat' dir='ltr'><em>J</em></span> <span class='ocrx_word' id='word_1_32' title='bbox 785 1271 1113 1380; x_wconf 84' lang='lat' dir='ltr'><strong>dependi</strong></span> <span class='ocrx_word' id='word_1_33' title='bbox 1157 1270 1394 1349; x_wconf 85' lang='lat' dir='ltr'><strong>iubet.</strong></span> <span class='ocrx_word' id='word_1_34' title='bbox 2179 1362 2188 1371; x_wconf 73' lang='lat'><em>,</em></span> 
     </span>
    </p>

    <p class='ocr_par' dir='ltr' id='par_1_6' title="bbox 566 1377 2775 1595">
     <span class='ocr_line' id='line_1_8' title="bbox 566 1377 2775 1486; baseline -0.003 -25"><span class='ocrx_word' id='word_1_35' title='bbox 566 1380 897 1461; x_wconf 88' lang='lat' dir='ltr'><strong>LXXX.</strong></span> <span class='ocrx_word' id='word_1_36' title='bbox 952 1377 1163 1456; x_wconf 92' lang='lat' dir='ltr'><strong>Idem</strong></span> <span class='ocrx_word' id='word_1_37' title='bbox 1195 1379 1783 1483; x_wconf 80' lang='lat' dir='ltr'><strong>regulamentum</strong></span> <span class='ocrx_word' id='word_1_38' title='bbox 1816 1378 2423 1457; x_wconf 85' lang='lat' dir='ltr'><strong>insurrectionale</strong></span> <span class='ocrx_word' id='word_1_39' title='bbox 2458 1405 2775 1486; x_wconf 91' lang='lat' dir='ltr'><strong>genera-</strong></span> 
     </span>
     <span class='ocr_line' id='line_1_9' title="bbox 780 1486 1231 1595; baseline 0.002 -34"><span class='ocrx_word' id='word_1_40' title='bbox 780 1487 850 1563; x_wconf 92' lang='lat' dir='ltr'><strong>le</strong></span> <span class='ocrx_word' id='word_1_41' title='bbox 882 1486 1231 1595; x_wconf 83' lang='lat' dir='ltr'><strong>publicat.</strong></span> 
     </span>
    </p>

    <p class='ocr_par' dir='ltr' id='par_1_7' title="bbox 559 1588 2770 1798">
     <span class='ocr_line' id='line_1_10' title="bbox 559 1588 2770 1698; baseline 0 -29"><span class='ocrx_word' id='word_1_42' title='bbox 559 1593 920 1673; x_wconf 86' lang='lat' dir='ltr'><strong>LXXXI.</strong></span> <span class='ocrx_word' id='word_1_43' title='bbox 973 1593 1184 1670; x_wconf 88' lang='lat' dir='ltr'><strong>Idem</strong></span> <span class='ocrx_word' id='word_1_44' title='bbox 1226 1612 1435 1698; x_wconf 82' lang='lat' dir='ltr'><strong>vrget</strong></span> <span class='ocrx_word' id='word_1_45' title='bbox 1469 1588 1933 1670; x_wconf 79' lang='lat' dir='ltr'><strong>Fridericum</strong></span> <span class='ocrx_word' id='word_1_46' title='bbox 1961 1593 2304 1670; x_wconf 77' lang='lat' dir='ltr'><strong>Austriae</strong></span> <span class='ocrx_word' id='word_1_47' title='bbox 2342 1593 2629 1670; x_wconf 86' lang='lat' dir='ltr'><strong>Ducem</strong></span> <span class='ocrx_word' id='word_1_48' title='bbox 2667 1592 2770 1670; x_wconf 87' lang='lat' dir='ltr'><strong>ad</strong></span> 
     </span>
     <span class='ocr_line' id='line_1_11' title="bbox 774 1697 2768 1798; baseline -0.001 -20"><span class='ocrx_word' id='word_1_49' title='bbox 774 1709 1065 1798; x_wconf 85' lang='lat' dir='ltr'><strong>20,ooo</strong></span> <span class='ocrx_word' id='word_1_50' title='bbox 1109 1699 1347 1793; x_wconf 77' lang='lat' dir='ltr'><strong>fln08,</strong></span> <span class='ocrx_word' id='word_1_51' title='bbox 1395 1699 1721 1777; x_wconf 86' lang='lat' dir='ltr'><strong>Alberto</strong></span> <span class='ocrx_word' id='word_1_52' title='bbox 1765 1700 2118 1776; x_wconf 79' lang='lat' dir='ltr'><strong>Austriae</strong></span> <span class='ocrx_word' id='word_1_53' title='bbox 2168 1702 2360 1777; x_wconf 88' lang='lat' dir='ltr'><strong>Duci</strong></span> <span class='ocrx_word' id='word_1_54' title='bbox 2424 1697 2768 1796; x_wconf 75' lang='lat' dir='ltr'><strong>debitos,</strong></span> 
     </span>
    </p>

    <p class='ocr_par' dir='ltr' id='par_1_8' title="bbox 666 1807 2767 1914">
     <span class='ocr_line' id='line_1_12' title="bbox 666 1807 2767 1914; baseline -0.001 -27"><span class='ocrx_word' id='word_1_55' title='bbox 666 1872 667 1887; x_wconf 67' lang='grc'>,</span> <span class='ocrx_word' id='word_1_56' title='bbox 764 1807 1344 1912; x_wconf 69' lang='lat' dir='ltr'><strong>persoluendOS,</strong></span> <span class='ocrx_word' id='word_1_57' title='bbox 1378 1824 1505 1885; x_wconf 89' lang='lat' dir='ltr'><strong>aut</strong></span> <span class='ocrx_word' id='word_1_58' title='bbox 1540 1833 1747 1883; x_wconf 88' lang='lat' dir='ltr'><strong>suam</strong></span> <span class='ocrx_word' id='word_1_59' title='bbox 1772 1807 2389 1912; x_wconf 86' lang='lat' dir='ltr'><strong>praetensionem,</strong></span> <span class='ocrx_word' id='word_1_60' title='bbox 2433 1809 2493 1883; x_wconf 87' lang='lat' dir='ltr'><strong>si</strong></span> <span class='ocrx_word' id='word_1_61' title='bbox 2534 1833 2767 1914; x_wconf 86' lang='lat' dir='ltr'><strong>quam</strong></span> 
     </span>
    </p>

    <p class='ocr_par' dir='ltr' id='par_1_9' title="bbox 554 1912 1588 2010">
     <span class='ocr_line' id='line_1_13' title="bbox 554 1912 1588 2010; baseline -0.002 -19"><span class='ocrx_word' id='word_1_62' title='bbox 554 2002 561 2009; x_wconf 49' lang='lat'>‚</span> <span class='ocrx_word' id='word_1_63' title='bbox 767 1914 1027 2010; x_wconf 85' lang='lat' dir='ltr'><strong>habet,</strong></span> <span class='ocrx_word' id='word_1_64' title='bbox 1076 1912 1588 1991; x_wconf 85' lang='lat' dir='ltr'><strong>exhibendam.</strong></span> 
     </span>
    </p>

    <p class='ocr_par' dir='ltr' id='par_1_10' title="bbox 551 2018 2763 2447">
     <span class='ocr_line' id='line_1_14' title="bbox 551 2018 2763 2127; baseline 0.001 -29"><span class='ocrx_word' id='word_1_65' title='bbox 551 2022 944 2121; x_wconf 78' lang='lat' dir='ltr'><strong>LXXXII.</strong></span> <span class='ocrx_word' id='word_1_66' title='bbox 999 2020 1207 2119; x_wconf 85' lang='lat' dir='ltr'><strong>Idem</strong></span> <span class='ocrx_word' id='word_1_67' title='bbox 1261 2020 1632 2098; x_wconf 69' lang='lat' dir='ltr'><strong>Iacobum</strong></span> <span class='ocrx_word' id='word_1_68' title='bbox 1683 2018 1781 2097; x_wconf 90' lang='lat' dir='ltr'><strong>de</strong></span> <span class='ocrx_word' id='word_1_69' title='bbox 1842 2019 2256 2124; x_wconf 85' lang='lat' dir='ltr'><strong>Walburg,</strong></span> <span class='ocrx_word' id='word_1_70' title='bbox 2327 2023 2763 2127; x_wconf 87' lang='lat' dir='ltr'><strong>prouinciae</strong></span> 
     </span>
     <span class='ocr_line' id='line_1_15' title="bbox 769 2126 2762 2234; baseline 0 -28"><span class='ocrx_word' id='word_1_71' title='bbox 769 2126 1100 2206; x_wconf 85' lang='lat' dir='ltr'><strong>Sueuiae</strong></span> <span class='ocrx_word' id='word_1_72' title='bbox 1138 2127 1587 2205; x_wconf 89' lang='lat' dir='ltr'><strong>aduocatum</strong></span> <span class='ocrx_word' id='word_1_73' title='bbox 1633 2126 2088 2234; x_wconf 84' lang='lat' dir='ltr'><strong>(Landvogt)</strong></span> <span class='ocrx_word' id='word_1_74' title='bbox 2126 2150 2307 2203; x_wconf 90' lang='lat' dir='ltr'><strong>num</strong></span> <span class='ocrx_word' id='word_1_75' title='bbox 2331 2127 2597 2205; x_wconf 82' lang='lat' dir='ltr'><strong>Judaei</strong></span> <span class='ocrx_word' id='word_1_76' title='bbox 2633 2156 2762 2206; x_wconf 87' lang='lat' dir='ltr'><strong>re·</strong></span> 
     </span>
     <span class='ocr_line' id='line_1_16' title="bbox 763 2232 2760 2338; baseline -0.001 -26"><span class='ocrx_word' id='word_1_77' title='bbox 763 2262 946 2312; x_wconf 86' lang='lat' dir='ltr'><strong>uera</strong></span> <span class='ocrx_word' id='word_1_78' title='bbox 1014 2262 1234 2310; x_wconf 80' lang='lat' dir='ltr'><strong>vnam</strong></span> <span class='ocrx_word' id='word_1_79' title='bbox 1299 2232 1594 2338; x_wconf 87' lang='lat' dir='ltr'><strong>prolem</strong></span> <span class='ocrx_word' id='word_1_80' title='bbox 1676 2233 2159 2311; x_wconf 87' lang='lat' dir='ltr'><strong>Christianam</strong></span> <span class='ocrx_word' id='word_1_81' title='bbox 2227 2239 2760 2333; x_wconf 87' lang='lat' dir='ltr'><strong>mactauerint,</strong></span> 
     </span>
     <span class='ocr_line' id='line_1_17' title="bbox 761 2338 1429 2447; baseline -0.001 -32"><span class='ocrx_word' id='word_1_82' title='bbox 761 2341 1148 2447; x_wconf 85' lang='lat' dir='ltr'><strong>inquirere</strong></span> <span class='ocrx_word' id='word_1_83' title='bbox 1199 2338 1429 2416; x_wconf 87' lang='lat' dir='ltr'><strong>iubet.</strong></span> 
     </span>
    </p>

    <p class='ocr_par' dir='ltr' id='par_1_11' title="bbox 550 2445 2760 2741">
     <span class='ocr_line' id='line_1_18' title="bbox 550 2445 2758 2548; baseline 0.001 -22"><span class='ocrx_word' id='word_1_84' title='bbox 550 2450 981 2526; x_wconf 87' lang='lat' dir='ltr'><strong>LXXXIII.</strong></span> <span class='ocrx_word' id='word_1_85' title='bbox 1036 2446 1244 2524; x_wconf 88' lang='lat' dir='ltr'><strong>Idem</strong></span> <span class='ocrx_word' id='word_1_86' title='bbox 1306 2448 1635 2548; x_wconf 88' lang='lat' dir='ltr'><strong>equitem</strong></span> <span class='ocrx_word' id='word_1_87' title='bbox 1678 2473 1768 2523; x_wconf 90' lang='lat' dir='ltr'><strong>ac</strong></span> <span class='ocrx_word' id='word_1_88' title='bbox 1819 2445 2039 2527; x_wconf 89' lang='lat' dir='ltr'><strong>Ciues</strong></span> <span class='ocrx_word' id='word_1_89' title='bbox 2071 2446 2632 2528; x_wconf 81' lang='lat' dir='ltr'><strong>Neomarchiae·</strong></span> <span class='ocrx_word' id='word_1_90' title='bbox 2656 2450 2758 2529; x_wconf 81' lang='lat' dir='ltr'><strong>ad</strong></span> 
     </span>
     <span class='ocr_line' id='line_1_19' title="bbox 761 2547 2760 2663; baseline 0.002 -28"><span class='ocrx_word' id='word_1_91' title='bbox 761 2555 1184 2660; x_wconf 76' lang='lat' dir='ltr'><strong>homagium</strong></span> <span class='ocrx_word' id='word_1_92' title='bbox 1242 2553 1514 2630; x_wconf 78' lang='lat' dir='ltr'><strong>ordini</strong></span> <span class='ocrx_word' id='word_1_93' title='bbox 1554 2547 1972 2634; x_wconf 85' lang='lat' dir='ltr'><strong>Teutonico</strong></span> <span class='ocrx_word' id='word_1_94' title='bbox 2026 2558 2546 2663; x_wconf 86' lang='lat' dir='ltr'><strong>praestandum</strong></span> <span class='ocrx_word' id='word_1_95' title='bbox 2595 2586 2760 2638; x_wconf 89' lang='lat' dir='ltr'><strong>mo-</strong></span> 
     </span>
     <span class='ocr_line' id='line_1_20' title="bbox 764 2680 910 2741; baseline 0.014 -2"><span class='ocrx_word' id='word_1_96' title='bbox 764 2680 910 2741; x_wconf 85' lang='lat' dir='ltr'><strong>net.</strong></span> 
     </span>
    </p>

    <p class='ocr_par' dir='ltr' id='par_1_12' title="bbox 544 2765 2756 3063">
     <span class='ocr_line' id='line_1_21' title="bbox 544 2765 2756 2852; baseline 0.002 -5"><span class='ocrx_word' id='word_1_97' title='bbox 544 2768 983 2848; x_wconf 85' lang='lat' dir='ltr'><strong>LXXXIV.</strong></span> <span class='ocrx_word' id='word_1_98' title='bbox 1020 2765 1229 2846; x_wconf 91' lang='lat' dir='ltr'><strong>Idem</strong></span> <span class='ocrx_word' id='word_1_99' title='bbox 1252 2772 1542 2847; x_wconf 86' lang='lat' dir='ltr'><strong>affinem</strong></span> <span class='ocrx_word' id='word_1_100' title='bbox 1581 2795 1797 2845; x_wconf 83' lang='lat' dir='ltr'><strong>suum</strong></span> <span class='ocrx_word' id='word_1_101' title='bbox 1821 2769 2335 2847; x_wconf 88' lang='lat' dir='ltr'><strong>Hermannum</strong></span> <span class='ocrx_word' id='word_1_102' title='bbox 2375 2771 2756 2852; x_wconf 83' lang='lat' dir='ltr'><strong>Comitem</strong></span> 
     </span>
     <span class='ocr_line' id='line_1_22' title="bbox 761 2875 2755 2988; baseline 0.002 -32"><span class='ocrx_word' id='word_1_103' title='bbox 761 2875 1033 2973; x_wconf 77' lang='lat' dir='ltr'><strong>ciliae,</strong></span> <span class='ocrx_word' id='word_1_104' title='bbox 1088 2904 1262 2955; x_wconf 91' lang='lat' dir='ltr'><strong>cum</strong></span> <span class='ocrx_word' id='word_1_105' title='bbox 1303 2876 1456 2954; x_wconf 86' lang='lat' dir='ltr'><strong>filio</strong></span> <span class='ocrx_word' id='word_1_106' title='bbox 1515 2903 1601 2953; x_wconf 90' lang='lat' dir='ltr'><strong>ac</strong></span> <span class='ocrx_word' id='word_1_107' title='bbox 1648 2877 1957 2976; x_wconf 83' lang='lat' dir='ltr'><strong>Fratre,</strong></span> <span class='ocrx_word' id='word_1_108' title='bbox 2008 2879 2314 2988; x_wconf 87' lang='lat' dir='ltr'><strong>Imperii</strong></span> <span class='ocrx_word' id='word_1_109' title='bbox 2365 2877 2755 2986; x_wconf 78' lang='lat' dir='ltr'><strong>Principes</strong></span> 
     </span>
     <span class='ocr_line' id='line_1_23' title="bbox 762 2985 1163 3063; baseline 0.005 -2"><span class='ocrx_word' id='word_1_110' title='bbox 762 2985 1163 3063; x_wconf 85' lang='lat' dir='ltr'><strong>constituit.</strong></span> 
     </span>
    </p>

    <p class='ocr_par' dir='ltr' id='par_1_13' title="bbox 547 3089 2753 3406">
     <span class='ocr_line' id='line_1_24' title="bbox 547 3089 2751 3201; baseline 0.002 -32"><span class='ocrx_word' id='word_1_111' title='bbox 547 3090 935 3190; x_wconf 83' lang='lat' dir='ltr'><strong>LXXXV.</strong></span> <span class='ocrx_word' id='word_1_112' title='bbox 988 3089 1199 3168; x_wconf 89' lang='lat' dir='ltr'><strong>Idem</strong></span> <span class='ocrx_word' id='word_1_113' title='bbox 1252 3117 1392 3199; x_wconf 89' lang='lat' dir='ltr'><strong>per</strong></span> <span class='ocrx_word' id='word_1_114' title='bbox 1440 3091 1917 3169; x_wconf 79' lang='lat' dir='ltr'><strong>Germaniam</strong></span> <span class='ocrx_word' id='word_1_115' title='bbox 1956 3090 2456 3169; x_wconf 85' lang='lat' dir='ltr'><strong>Constantiam</strong></span> <span class='ocrx_word' id='word_1_116' title='bbox 2509 3120 2751 3201; x_wconf 77' lang='lat' dir='ltr'><strong>vsque</strong></span> 
     </span>
     <span class='ocr_line' id='line_1_25' title="bbox 762 3201 2486 3277; baseline 0.001 -2"><span class='ocrx_word' id='word_1_117' title='bbox 762 3201 1174 3277; x_wconf 86' lang='lat' dir='ltr'><strong>itineratur.</strong></span> <span class='ocrx_word' id='word_1_118' title='bbox 2475 3247 2486 3260; x_wconf 90' lang='lat'><em>·</em></span> 
     </span>
     <span class='ocr_line' id='line_1_26' title="bbox 551 3304 2753 3406; baseline -0.001 -21"><span class='ocrx_word' id='word_1_119' title='bbox 551 3304 989 3385; x_wconf 86' lang='lat' dir='ltr'><strong>LXXXVI.</strong></span> <span class='ocrx_word' id='word_1_120' title='bbox 1043 3305 1411 3382; x_wconf 80' lang='lat' dir='ltr'><strong>Martinus</strong></span> <span class='ocrx_word' id='word_1_121' title='bbox 1447 3304 1544 3380; x_wconf 85' lang='lat' dir='ltr'><strong>V.</strong></span> <span class='ocrx_word' id='word_1_122' title='bbox 1580 3304 1709 3381; x_wconf 85' lang='lat' dir='ltr'><strong>PP.</strong></span> <span class='ocrx_word' id='word_1_123' title='bbox 1748 3306 2262 3406; x_wconf 82' lang='lat' dir='ltr'><strong>quaestionem</strong></span> <span class='ocrx_word' id='word_1_124' title='bbox 2296 3305 2493 3384; x_wconf 88' lang='lat' dir='ltr'><strong>circa</strong></span> <span class='ocrx_word' id='word_1_125' title='bbox 2526 3306 2753 3383; x_wconf 85' lang='lat' dir='ltr'><strong>iuris-</strong></span> 
     </span>
    </p>

    <p class='ocr_par' dir='ltr' id='par_1_14' title="bbox 360 3411 2755 3621">
     <span class='ocr_line' id='line_1_27' title="bbox 360 3411 2755 3515; baseline 0.003 -28"><span class='ocrx_word' id='word_1_126' title='bbox 360 3415 367 3422; x_wconf 80' lang='grc'><strong><em>’</em></strong></span> <span class='ocrx_word' id='word_1_127' title='bbox 508 3451 511 3454; x_wconf 93' lang='grc'>-</span> <span class='ocrx_word' id='word_1_128' title='bbox 763 3411 1167 3489; x_wconf 85' lang='lat' dir='ltr'><strong>dictionem</strong></span> <span class='ocrx_word' id='word_1_129' title='bbox 1190 3411 1599 3515; x_wconf 84' lang='lat' dir='ltr'><strong>Praepositi</strong></span> <span class='ocrx_word' id='word_1_130' title='bbox 1617 3413 1968 3490; x_wconf 85' lang='lat' dir='ltr'><strong>Albensis</strong></span> <span class='ocrx_word' id='word_1_131' title='bbox 1993 3413 2557 3492; x_wconf 85' lang='lat' dir='ltr'><strong>examinandam</strong></span> <span class='ocrx_word' id='word_1_132' title='bbox 2595 3415 2755 3493; x_wconf 79' lang='lat' dir='ltr'><strong>suis</strong></span> 
     </span>
     <span class='ocr_line' id='line_1_28' title="bbox 765 3517 1584 3621; baseline 0.004 -27"><span class='ocrx_word' id='word_1_133' title='bbox 765 3517 1117 3621; x_wconf 87' lang='lat' dir='ltr'><strong>delegatis</strong></span> <span class='ocrx_word' id='word_1_134' title='bbox 1164 3520 1584 3597; x_wconf 84' lang='lat' dir='ltr'><strong>committit.</strong></span> 
     </span>
    </p>

    <p class='ocr_par' dir='ltr' id='par_1_15' title="bbox 550 3623 2751 3918">
     <span class='ocr_line' id='line_1_29' title="bbox 550 3623 2751 3708; baseline 0.001 -6"><span class='ocrx_word' id='word_1_135' title='bbox 550 3625 1023 3703; x_wconf 88' lang='lat' dir='ltr'><strong>LXXXVII.</strong></span> <span class='ocrx_word' id='word_1_136' title='bbox 1079 3626 1515 3704; x_wconf 85' lang='lat' dir='ltr'><strong>Conuentus</strong></span> <span class='ocrx_word' id='word_1_137' title='bbox 1575 3623 1669 3701; x_wconf 90' lang='lat' dir='ltr'><strong>de</strong></span> <span class='ocrx_word' id='word_1_138' title='bbox 1725 3625 1982 3704; x_wconf 88' lang='lat' dir='ltr'><strong>Lelesz</strong></span> <span class='ocrx_word' id='word_1_139' title='bbox 2035 3645 2290 3706; x_wconf 90' lang='lat' dir='ltr'><strong>contra</strong></span> <span class='ocrx_word' id='word_1_140' title='bbox 2348 3623 2751 3708; x_wconf 82' lang='lat' dir='ltr'><strong>Nicolaum</strong></span> 
     </span>
     <span class='ocr_line' id='line_1_30' title="bbox 765 3731 2749 3843; baseline 0.003 -36"><span class='ocrx_word' id='word_1_141' title='bbox 765 3733 862 3808; x_wconf 86' lang='lat' dir='ltr'><strong>de</strong></span> <span class='ocrx_word' id='word_1_142' title='bbox 899 3733 1293 3839; x_wconf 86' lang='lat' dir='ltr'><strong>Kerepecz</strong></span> <span class='ocrx_word' id='word_1_143' title='bbox 1335 3760 1421 3810; x_wconf 90' lang='lat' dir='ltr'><strong>ac</strong></span> <span class='ocrx_word' id='word_1_144' title='bbox 1456 3733 1850 3810; x_wconf 84' lang='lat' dir='ltr'><strong>Nicolaum</strong></span> <span class='ocrx_word' id='word_1_145' title='bbox 1905 3731 1999 3810; x_wconf 89' lang='lat' dir='ltr'><strong>de</strong></span> <span class='ocrx_word' id='word_1_146' title='bbox 2037 3736 2284 3838; x_wconf 87' lang='lat' dir='ltr'><strong>Began</strong></span> <span class='ocrx_word' id='word_1_147' title='bbox 2337 3736 2749 3843; x_wconf 82' lang='lat' dir='ltr'><strong>inquisito-</strong></span> 
     </span>
     <span class='ocr_line' id='line_1_31' title="bbox 763 3842 1725 3918; baseline 0.003 -5"><span class='ocrx_word' id='word_1_148' title='bbox 763 3865 914 3914; x_wconf 75' lang='lat' dir='ltr'><strong>riae</strong></span> <span class='ocrx_word' id='word_1_149' title='bbox 956 3858 1031 3915; x_wconf 88' lang='lat' dir='ltr'><strong>et</strong></span> <span class='ocrx_word' id='word_1_150' title='bbox 1061 3842 1558 3918; x_wconf 83' lang='lat' dir='ltr'><strong>euocatoriae.</strong></span> <span class='ocrx_word' id='word_1_151' title='bbox 1716 3854 1725 3865; x_wconf 84' lang='grc'><strong><em>’</em></strong></span> 
     </span>
    </p>
   </div>
   <div class='ocr_carea' id='block_1_3' title="bbox 222 3917 2748 4054">
    <p class='ocr_par' dir='ltr' id='par_1_16' title="bbox 222 3917 2748 4054">
     <span class='ocr_line' id='line_1_32' title="bbox 222 3917 2748 4054; baseline 0.003 -31"><span class='ocrx_word' id='word_1_152' title='bbox 222 3979 233 4002; x_wconf 80' lang='grc'><strong><em>·</em></strong></span> <span class='ocrx_word' id='word_1_153' title='bbox 380 3927 391 3940; x_wconf 62' lang='grc'><em>’</em></span> <span class='ocrx_word' id='word_1_154' title='bbox 543 3943 1041 4037; x_wconf 66' lang='lat' dir='ltr'><strong>LXXXVIII.</strong></span> <span class='ocrx_word' id='word_1_155' title='bbox 1078 3949 1337 4025; x_wconf 86' lang='lat' dir='ltr'><strong>Petrus</strong></span> <span class='ocrx_word' id='word_1_156' title='bbox 1371 3946 1467 4026; x_wconf 88' lang='lat' dir='ltr'><strong>de</strong></span> <span class='ocrx_word' id='word_1_157' title='bbox 1500 3951 1815 4054; x_wconf 81' lang='lat' dir='ltr'><strong>Rozgon</strong></span> <span class='ocrx_word' id='word_1_158' title='bbox 1835 4006 1859 4044; x_wconf 91' lang='lat'>‚</span> <span class='ocrx_word' id='word_1_159' title='bbox 1889 3917 2306 4054; x_wconf 84' lang='lat' dir='ltr'><strong>Episcopus</strong></span> <span class='ocrx_word' id='word_1_160' title='bbox 2335 3950 2748 4054; x_wconf 73' lang='lat' dir='ltr'><strong>Agriensis,</strong></span> 
     </span>
    </p>
   </div>
   <div class='ocr_carea' id='block_1_4' title="bbox 764 4053 2747 4267">
    <p class='ocr_par' dir='ltr' id='par_1_17' title="bbox 764 4053 2747 4267">
     <span class='ocr_line' id='line_1_33' title="bbox 764 4053 2747 4162; baseline 0.002 -32"><span class='ocrx_word' id='word_1_161' title='bbox 764 4053 1141 4159; x_wconf 85' lang='lat' dir='ltr'><strong>Capellam</strong></span> <span class='ocrx_word' id='word_1_162' title='bbox 1177 4072 1252 4131; x_wconf 88' lang='lat' dir='ltr'><strong>et</strong></span> <span class='ocrx_word' id='word_1_163' title='bbox 1300 4057 1894 4162; x_wconf 85' lang='lat' dir='ltr'><strong>Praeposituram</strong></span> <span class='ocrx_word' id='word_1_164' title='bbox 1933 4057 2010 4130; x_wconf 91' lang='grc' dir='ltr'><strong>Β.</strong></span> <span class='ocrx_word' id='word_1_165' title='bbox 2060 4056 2165 4132; x_wconf 91' lang='grc' dir='ltr'><strong>Μ.</strong></span> <span class='ocrx_word' id='word_1_166' title='bbox 2213 4054 2539 4162; x_wconf 80' lang='lat' dir='ltr'><strong>‘Virginis</strong></span> <span class='ocrx_word' id='word_1_167' title='bbox 2576 4055 2747 4136; x_wconf 84' lang='lat' dir='ltr'><strong>fun-</strong></span> 
     </span>
     <span class='ocr_line' id='line_1_34' title="bbox 764 4160 2278 4267; baseline 0 -29"><span class='ocrx_word' id='word_1_168' title='bbox 764 4161 928 4255; x_wconf 45' lang='lat' dir='ltr'><strong>dan</strong></span> <span class='ocrx_word' id='word_1_169' title='bbox 979 4187 1066 4237; x_wconf 89' lang='lat' dir='ltr'><strong>ac</strong></span> <span class='ocrx_word' id='word_1_170' title='bbox 1101 4160 1309 4237; x_wconf 89' lang='lat' dir='ltr'><strong>dotat</strong></span> <span class='ocrx_word' id='word_1_171' title='bbox 1338 4188 1511 4239; x_wconf 91' lang='lat' dir='ltr'><strong>cum</strong></span> <span class='ocrx_word' id='word_1_172' title='bbox 1546 4161 1865 4267; x_wconf 85' lang='lat' dir='ltr'><strong>Capituli</strong></span> <span class='ocrx_word' id='word_1_173' title='bbox 1896 4189 2278 4239; x_wconf 88' lang='lat' dir='ltr'><strong>consensu.</strong></span> 
     </span>
    </p>
   </div>
   <div class='ocr_carea' id='block_1_5' title="bbox 520 4239 2787 4369">
    <p class='ocr_par' dir='ltr' id='par_1_18' title="bbox 520 4239 2787 4369">
     <span class='ocr_line' id='line_1_35' title="bbox 520 4239 2787 4369; baseline -0.001 -18"><span class='ocrx_word' id='word_1_174' title='bbox 520 4268 969 4351; x_wconf 78' lang='lat' dir='ltr'><strong>LXXXIX.</strong></span> <span class='ocrx_word' id='word_1_175' title='bbox 1012 4268 1363 4350; x_wconf 87' lang='lat' dir='ltr'><strong>Nicolaus</strong></span> <span class='ocrx_word' id='word_1_176' title='bbox 1397 4268 1656 4347; x_wconf 83' lang='lat' dir='ltr'><strong>Abbas</strong></span> <span class='ocrx_word' id='word_1_177' title='bbox 1697 4273 1773 4347; x_wconf 91' lang='grc' dir='ltr'><strong>Β.</strong></span> <span class='ocrx_word' id='word_1_178' title='bbox 1801 4264 1903 4343; x_wconf 91' lang='grc' dir='ltr'><strong>Μ.</strong></span> <span class='ocrx_word' id='word_1_179' title='bbox 1930 4266 2020 4345; x_wconf 89' lang='lat' dir='ltr'><strong>V.</strong></span> <span class='ocrx_word' id='word_1_180' title='bbox 2061 4267 2157 4358; x_wconf 90' lang='lat' dir='ltr'><strong>de</strong></span> <span class='ocrx_word' id='word_1_181' title='bbox 2194 4271 2364 4351; x_wconf 83' lang='lat' dir='ltr'><strong>Bcel</strong></span> <span class='ocrx_word' id='word_1_182' title='bbox 2388 4331 2409 4369; x_wconf 85' lang='lat'>,</span> <span class='ocrx_word' id='word_1_183' title='bbox 2465 4239 2787 4354; x_wconf 40' lang='lat' dir='ltr'><strong>authoss</strong></span> 
     </span>
    </p>
   </div>
  </div>
 </body>
</html>
