2926 4849
2183 483 2340 556 set

238 694 360 789 di,
415 695 869 797 Deigratia,
928 696 1446 777 Romanorum
1495 695 1687 793 regis
1731 716 2031 796 semper
2086 694 2445 796 Augusti,

233 827 332 877 ac
381 801 845 902 Hungariae‚
896 800 1321 898 Bohemiae,
1371 797 1839 892 Dalmatiae,
1878 800 2240 877 croatiae
2294 807 2437 884 etc.

235 908 468 1008 Regis
493 963 515 1001 ,
551 909 964 984 Memoriae
1000 907 1605 984 commendamus
1638 907 2441 1011 tenore-praesentium

231 1016 512 1118 quibus
580 1015 880 1117 expedit
955 1017 1350 1108 vniuersis3
1444 1014 1671 1105 Quod
1734 1037 1919 1090 cumw
1993 1013 2435 1096 honorabile

229 1122 658 1224 Capitulum
694 1123 1063 1199 Ecclesiae
1102 1120 1691 1228 Vesprimiensis.
1718 1124 2012 1198 ratione
2075 1139 2151 1198 et
2204 1146 2435 1225 prae-

228 1246 442 1305 textu
483 1228 976 1332 quarumdam
1004 1256 1134 1305 sex
1167 1231 1616 1314 sessionum,
1666 1255 1803 1306 seu
1840 1232 2219 1308 curiarum
2242 1256 2433 1304 sua-

223 1363 401 1411 rum
443 1335 1111 1458 iobagyonalium
1090 1363 1165 1412 nn
1224 1338 1692 1438 possessione
1728 1337 1947 1441 Nagy
1989 1337 2252 1424 Pechel
2300 1359 2431 1409 vo-

222 1461 430 1537 cata,
487 1446 561 1517 in
605 1444 982 1520 Comitatu
1019 1443 1440 1522 Zaladiensi
1475 1447 1784 1520 existen
1845 1471 2075 1549 penes
2128 1442 2429 1520 Sessio-

222 1569 405 1627 nem
438 1549 685 1654 Egidy
729 1549 1027 1652 Sutdy,
1082 1580 1125 1625 a
1183 1567 1397 1657 parte
1459 1548 1914 1640 occidentia,
1986 1567 2157 1655 post
2216 1577 2295 1628 se
2349 1575 2429 1624 se

115 1683 124 1692 ·
224 1677 779 1761 consequenter
819 1659 1315 1737 adiacentium
1343 1678 1423 1736 et
1454 1656 1917 1751 habitarum,
1977 1662 2216 1762 ipsum
2279 1658 2429 1733 ca·-

224 1765 573 1867 pitulum‚
609 1770 866 1868 vigore
887 1763 1272 1846 certorum
1304 1766 2424 1856 literaliumiostrumentorum,

181 1898 672 1968 *concernem
728 1877 1144 1950 Dominum
1178 1875 1547 1968 Joannem
1592 1874 2105 1977 Praepositum
2162 1890 2249 1962 ‚ets
2278 1870 2433 1956 Ca·-

219 1980 543 2082 pitulum
563 1981 946 2056 »Ecclesiae
971 1981 1337 2084 Budensis
1371 1998 1631 2060 contra
1662 2007 1742 2056 se
1803 1980 2083 2083 regiam
2120 1982 2431 2080 inprae-

212 2092 531 2162 sentiam
564 2088 658 2162 ad
693 2099 1413 2165 certumterminum
1460 2088 1558 2162 in·
1601 2113 1901 2164 causam
1959 2087 2423 2180 attraxisset,

212 2197 531 2298 ipsaque
582 2195 796 2270 causa
837 2196 1372 2274 inter=eosdem
1397 2243 1444 2287 ‚f
1476 2194 1898 2270 secundum·
1928 2193 2427 2270 continentias

213 2303 603 2378 literarum
648 2303 984 2378 Comitis
1011 2301 1207 2380 Petri
1262 2303 1355 2378 de
1397 2303 1684 2392 Peren,
1742 2301 2034 2405 pridem
2075 2300 2419 2380 similiter
2461 2351 2473 2363 ,
2512 2317 2515 2324 “

208 2409 502 2486 Judicis
583 2410 852 2498 Curiae
926 2413 1198 2513 regiae
1251 2411 1831 2514 prorogatoriar.
1916 2406 2422 2513 diuersimode

216 2517 718 2608 ventillando,
780 2517 876 2593 ad
914 2535 1214 2597 octauas
1244 2519 1412 2595 festi
1442 2519 1655 2592 Beati
1688 2518 1998 2627 Georgii
2065 2508 2424 2616 Martyris

205 2627 290 2698 in
327 2653 523 2701 anno
569 2626 869 2701 Domini
915 2625 1343 2703 Millesimo
1338 2618 2105 2729 quadringentesimo
2137 2623 2419 2726 vigesi-

204 2758 342 2806 mo
397 2731 727 2809 secundo
803 2735 1228 2835 praeteritas
1296 2733 1761 2827 deuenisset3
1861 2730 2162 2817 tandem
2236 2731 2415 2834 ipsis

203 2839 496 2914 octauis
523 2840 1007 2933 instantibus,
1067 2839 1453 2942 Georgius
1470 2838 1568 2915 de
1616 2840 1879 2919 Pechel
1919 2866 2062 2944 pro
2101 2854 2414 2914 annota-

201 2962 290 3020 to
327 2945 674 3051 Capitulo
717 2946 1088 3023 Ecclesiae
1127 2946 1623 3050 Vesprimien.
1661 2972 1844 3023 cum
1876 2945 2411 3050 procuratoriis
2538 2968 2539 2971 ’

196 3052 438 3128 literis
474 3054 850 3148 eiusdem,
917 3056 1000 3128 io
1033 3055 1268 3156 ipsius
1329 3053 1669 3133 Comitis
1709 3055 1904 3133 Petri
1967 3049 2407 3154 exurgendo

195 3163 750 3282 praesentiam,
786 3163 1175 3239 rationem
1215 3160 1805 3239 conset-nationis
1853 3158 2229 3245 dictarum
2272 3178 2405 3232 sex

197 3269 659 3357 sessionum,
748 3293 880 3345 seu
939 3271 1315 3344 curiarum
1363 3265 1983 3368 iobagyonalium
2048 3265 2400 3366 assignari

191 3374 642 3477 postulasset·
689 3402 825 3476 per
876 3376 1281 3453 Dominum
1341 3375 1715 3453 Joannem
1770 3372 2282 3497 Praepositum
2323 3390 2404 3448 et

190 3480 628 3584 Capitulum
684 3483 1028 3573 Budense
1076 3480 1588 3597 supradictum
1633 3508 1888 3559 coram
1938 3486 2145 3584 ips0.;
2234 3504 2394 3582 quo

187 3590 452 3665 audito
497 3589 864 3667 Dominus
910 3587 1263 3677 Nicolaus
1307 3584 1572 3665 Custos
1600 3616 1749 3691 pro
1791 3590 2131 3673 antefatis
2162 3587 2395 3662 Joan-
2470 3591 2477 3603 '

183 3723 308 3772 ne
326 3699 756 3820 Praeposito
782 3714 873 3771 et
921 3694 1261 3797 Capitulo
1303 3696 1682 3773 Ecclesiae
1736 3692 2091 3781 Budensis
2113 3748 2138 3783 ,
2200 3718 2400 3775 cum

182 3805 725 3907 procuratoriis
766 3803 1124 3893 eiusdem
1139 3802 1560 3905 Capituli,
1538 3832 1616 3877 m
1658 3803 1882 3913 ipsius
1917 3802 2247 3887 Comitis
2260 3797 2392 3875 Pe·
2472 3877 2476 3887 ,

183 3912 296 3986 tri
328 3908 765 4013 exurgendo
804 3912 1315 4021 praesentiam,
1354 3905 1856 4012 respondisset
1887 3936 1981 3982 ex
2017 3906 2386 3982 aduerso·

181 4015 345 4119 qud
387 4017 762 4123 praefatae
816 4041 947 4093 sex
979 4020 1381 4099 sessiones,
1439 4043 1571 4091 seu
1608 4016 1873 4091 Cutiae
1913 4014 2382 4115 Jobagyona-

180 4126 347 4199 les
329 4154 404 4199 m
440 4125 641 4201 dicta
687 4123 949 4200 Peehel
977 4125 1452 4215 ·existentes,.
1483 4122 1767 4201 eisdem
1803 4123 2139 4209 Domino
2176 4121 2385 4195 Prae·

176 4234 444 4339 posito·
464 4250 545 4335 et
578 4231 1450 4337 Capituloefficacissime
1492 4230 1880 4313 literarum
1910 4232 2385 4317 iustrumen-
