2926 4849
2146 483 2296 558 3⁰1

209 685 554 780 nedictus
588 680 937 777 Lai-thus,
989 683 1323 766 Briccius
1361 685 1897 789 Wessenyew,
1948 686 2288 780 Andreas
2320 691 2409 766 fi-

205 792 355 871 lius
387 790 718 883 Fabiani,
756 786 1018 867 Paulus
1045 785 1355 869 Waratb
1375 848 1401 885 ,
1444 790 1772 869 Jacobns
1807 789 1999 868 filius
2023 793 2407 888 Matthaei,

204 899 590 976 Jobannes
641 896 931 975 Zantbo
964 952 986 989 ‚
1042 892 1463 1001 Stephanus
1519 895 1891 1000 Emgegb‚
1965 900 2410 992 Benedictus

209 1009 548 1100 Zante0,
599 1003 915 1080 Thomas
948 1002 1194 1098 Wak,
1245 1004 1619 1085 Jobannes
1661 1004 1916 1107 Zaky,
1970 1004 2291 1086 Michaei
2332 1027 2411 1090 et

211 1113 631 1214 Georgius,
684 1112 761 1186 in
798 1112 1265 1218 possessione
1306 1113 1638 1214 Wozyas
1667 1133 2217 1192 commorantes
2277 1117 2409 1195 Jo-

207 1219 600 1324 bagyones
625 1215 1062 1321 Magnificae
1098 1218 1467 1310 Dominae
1501 1218 1867 1297 Barbarae
1905 1240 2213 1298 vocatae
2239 1278 2261 1314 ,
2297 1251 2408 1301 re·

206 1328 440 1402 lictae
484 1324 781 1430 Piponis
826 1323 921 1401 de
966 1321 1169 1406 dicta
1219 1325 1509 1419 Ozora,
1586 1355 1680 1403 ex
1744 1329 2265 1405 commissione
2330 1349 2410 1410 et

199 1432 598 1509 voluntate
620 1429 947 1507 eiusdem
991 1429 1435 1532 Magnificae
1472 1433 1835 1510 Dominae
1881 1432 2289 1536 Barbarae,
2326 1440 2408 1514 in

203 1537 1989 1752 2¹332532?'5¹323‘3520533003321222323?
2003 1560 2408 1728 1235?ssss

208 1771 328 1828 tas
360 1751 830 1857 possessionis
865 1750 1204 1855 Gyantb‚
1239 1753 1466 1856 ipsius
1499 1751 1937 1854 conuentus
1962 1749 2202 1830 eidem
2233 1782 2411 1859 pron,

205 1859 481 1936 uenire
513 1856 914 1953 debentes,
967 1874 1465 1962 asportassent
1508 1877 1586 1935 et
1624 1860 1827 1936 inter
1858 1885 1939 1936 se
1970 1857 2409 1957 diuisissent,

207 1980 293 2042 et
311 1991 468 2068 quo
485 1968 817 2074 ipsorum
832 1964 1225 2067 placuisset
1244 1966 1630 2059 voluntati,
1651 1965 1999 2044 fecis-ent
2019 2005 2123 2022 —-
2141 1985 2407 2072 poten·
2427 2019 2435 2028 -

207 2073 316 2150 tia
351 2072 768 2163 mediante,
827 2074 906 2146 in
951 2072 1489 2175 praeiudicium
1538 2070 1873 2150 eiusdem
1930 2089 2006 2149 et
2057 2072 2411 2154 damnum

209 2177 431 2257 valde
486 2205 854 2283 magnum.
908 2179 1182 2255 Datum
1236 2196 1451 2256 sexto
1516 2178 1640 2256 die
1697 2176 1849 2257 diei
1906 2180 2411 2284 inquisitioni·

207 2302 713 2393 praenotatae.
766 2284 995 2360 Anno
1034 2284 1336 2364 Domini
1386 2282 1787 2363 Millesimo
1827 2287 2402 2393 quadringente·
2513 2359 2517 2362 ,

206 2396 402 2472 simo
442 2392 888 2500 trigesimo.“
2228 2426 2235 2435 ·
2482 2432 2486 2441 ·

208 2568 225 2597 ι
298 2523 354 2584 Β
380 2518 599 2584 charta
621 2518 915 2607 originali·

1163 2678 1439 2756 XCIX.

210 2834 368 2888 Idm
396 2829 717 2902 Capitulum
747 2829 1142 2900 occupationes
1159 2846 1269 2899 per
1295 2829 1599 2884 Dumium
1638 2831 1958 2885 Quanam
2002 2828 2259 2886 relictam
2274 2862 2294 2894 0
2342 2845 2398 2887 a

408 2926 689 2981 Amanum
709 2924 903 2995 filium
932 2922 1214 2996 Byehkele
1234 2924 1498 2995 potentia
1551 2925 1829 2979 mediam
1845 2927 2055 2997 soem
2102 2927 2295 3000 rffm.
2332 2928 2400 2982 A.

407 3014 579 3072 14³⁰.

409 3126 815 3233 Magniflco
854 3125 1091 3223 Viro,
1142 3122 1453 3204 Nicolao
1486 3123 1580 3204 de
1621 3126 1859 3222 Gara,
1913 3122 2161 3227 Regni
2193 3120 2403 3196 Hun-

206 3236 463 3343 gariae
505 3234 836 3312 Palatino
878 3252 956 3311 et
990 3232 1235 3311 Judici
1300 3238 1854 3327 Comanorum,
1908 3233 2146 3308 amico
2202 3231 2401 3335 ipso·

207 3369 384 3419 rum
422 3341 883 3421 honorando.
921 3341 1342 3447 Capitulum
1374 3341 1747 3435 Ecclesiae
1771 3335 2200 3419 Colocensis
2230 3335 2400 3419 ami·

204 3451 463 3541 citiam
478 3467 809 3557 paratam
836 3475 1010 3526 cum
1044 3448 1354 3527 honore.
1391 3444 1660 3524 Vestra
1695 3450 1996 3525 nouerit
2051 3441 2405 3546 Magnifi-
2482 3532 2485 3537 μ

206 3558 501 3650 centia,
573 3552 777 3661 quod
831 3578 1003 3631 cum
1069 3580 1210 3632 nos
1263 3550 1598 3662 receptis
1638 3555 1872 3631 literis
1928 3546 2403 3627 serenissimi

203 3664 580 3768 Principis
616 3662 920 3740 Domini
956 3659 1448 3766 Sigismundi,
1503 3662 1646 3738 Dei
1700 3661 1971 3766 gratia,
2029 3657 2401 3733 Romano-

206 3783 388 3847 r'um
436 3770 674 3871 regiS,
727 3758 1038 3871 semper
1073 3770 1442 3870 Augusti,
1496 3794 1586 3844 ac
1638 3768 2104 3869 Hungariae,
2164 3759 2403 3838 Bobe-

209 3880 452 3970 miae,
510 3876 960 3969 Dalmatiae,
1015 3877 1351 3951 Croatiae
1381 3893 1521 3950 etc.
1553 3876 1750 3976 regis
1787 3869 2221 3948 annualibus
2260 3893 2403 3973 pro

208 3986 623 4060 Conuentu
662 3974 1220 4059 Cruciferorum
1253 3980 1623 4077 Ecclesiae
1657 3982 1737 4055 B.
1793 3979 2017 4081 Regis
2050 3973 2404 4078 Stephani

206 4088 311 4167 de
345 4090 536 4166 Alba
559 4145 582 4185 ,
636 4087 732 4165 ad
781 4089 1338 4191 inquisitiones,
1394 4088 1867 4164 euocationes
1888 4138 1921 4179 ,-
1963 4080 2402 4193 prohibitio·

206 4224 349 4274 nes
388 4214 464 4276 et
499 4194 591 4273 ad
634 4196 885 4276 omnia
924 4197 1109 4293 alia,
1179 4218 1428 4298 quuae
1473 4192 1739 4271 talibus
1794 4193 1868 4270 in
1929 4186 2402 4296 processibus
