2926 4849
646 503 816 571 320
899 523 900 526 ’

542 827 935 904 &gimundin
968 824 1048 878 B·
1077 828 1160 883 Η.
1194 811 1549 897 puniam
1589 825 1841 897 quinqua
1879 829 2264 915 Rnnyioqwn
2307 829 2507 885 liceras
2546 825 2732 884 colb}

727 922 969 980 &antu
1000 919 1453 975 immoramini
1483 923 1797 992 &munit
1829 925 1900 977 ac
1933 925 2248 992 confirmae.
2285 929 2353 980 A.
2396 925 2558 981 14³1.

731 1014 1300 1125 sigismundus,
1389 1010 1539 1089 Dei
1598 1015 1843 1115 'gracia
1863 1073 1886 1112 ,
1958 1013 2507 1094 Romanorum!
2559 1019 2738 1093 Rex

539 1151 839 1231 semper
867 1128 1283 1227 Augustus,
1314 1145 1405 1198 ae
1443 1120 1826 1225 Hungarie
1846 1178 1870 1216 ,
1910 1124 2299 1218 Bobemie,
2339 1124 2734 1219 Dalmatie,

538 1233 894 1323 Croacie,
950 1233 1189 1306 Rame
1215 1281 1239 1322 ,
1292 1223 1608 1320 Seruio,
1665 1229 2010 1322 Gallicie,
2053 1231 2543 1323 Lodomerie,
2578 1229 2737 1309 Co·

540 1341 785 1417 manie
809 1395 832 1434 ,
865 1337 1364 1439 Bulgarieque
1404 1335 1616 1428 Rex,
1659 1350 1738 1411 et
1778 1331 2450 1442 Lucemburgensis
2490 1337 2739 1414 heres.

540 1445 934 1522 Vniuersis
976 1441 1250 1521 Christi
1280 1438 1659 1536 fidelibus,
1695 1443 2162 1546 presentibus
2197 1448 2473 1549 pariter
2510 1463 2587 1521 et
2626 1442 2744 1521 fu·

543 1555 767 1645 turis,
807 1575 1115 1655 presens
1147 1548 1511 1653 scriptum
1552 1548 2031 1656 inspecturis,
2074 1549 2474 1644 salutemin
2505 1551 2746 1632 omni-

407 1693 418 1700 ·
546 1683 678 1738 um
729 1657 1140 1736 Saluatore.
1194 1651 1467 1758 Regali
1513 1653 1752 1756 glorie
1810 1656 2183 1734 incumbit
2244 1659 2604 1764 precipue
2663 1673 2747 1736 et

548 1762 817 1844 honori
840 1818 865 1857 ‚
961 1778 1409 1841 cunctorum
1469 1760 1937 1841 subditorum
1990 1761 2301 1847 honesta
2376 1765 2747 1841 desideria

551 1874 888 1973 graciose
944 1867 1369 1975 premetiri3
1425 1868 1728 1948 illorum
1787 1887 2030 1947 tamen
2095 1873 2465 1975 postulata
2530 1863 2748 1949 c'ele-

552 1977 709 2058 rius
764 1975 859 2055 ad
924 1974 1427 2053 exaudicionis
1469 1973 1936 2062 beneficium
1959 1975 2347 2056 admittere
2382 1978 2738 2067 inoleuit‚

552 2110 748 2188 quos
787 2081 1106 2188 preclari
1139 2082 1436 2186 generis
1470 2082 1686 2157 titulo
1721 2083 2222 2189 prepollentes
2244 2141 2268 2182 ,
2319 2085 2397 2162 in
2436 2104 2610 2162 actu
2641 2082 2744 2159 fi-

545 2191 866 2269 delitatis
904 2192 1219 2267 varietas
1260 2186 1797 2289 obsequiorum
1838 2191 2229 2269 continuos
2284 2194 2606 2298 reperit,
2666 2210 2748 2276 et

550 2295 834 2374 laboris
868 2296 1184 2373 virtuosi
1223 2293 1619 2393 assiduitas
1672 2298 2001 2375 euidenti
2058 2301 2485 2377 testimonio
2520 2326 2750 2375 com-
2800 2375 2807 2382 ,

543 2403 918 2513 probauit.
977 2401 1300 2481 Proinde
1335 2398 1431 2477 ad
1473 2401 1989 2483 vniuersorum
2019 2422 2166 2483 tam
2205 2406 2745 2513 praesencium,

547 2536 774 2614 quam
800 2524 1276 2613 posterorum
1313 2510 1664 2586 noticiam
1699 2509 1958 2607 barum
1989 2516 2180 2590 serie
2214 2516 2546 2593 volumus
2567 2540 2744 2615 per-

545 2620 848 2703 uenire.
902 2613 1110 2719 quod
1153 2615 1403 2692 fideles
1432 2619 1708 2712 nostri,
1743 2617 2033 2710 dilecti,
2072 2620 2489 2714 Johannes‚
2543 2620 2749 2698 filius

545 2722 866 2802 condam
909 2724 1230 2799 Emerici
1259 2720 1356 2798 de
1389 2725 1672 2816 Peren,
1729 2724 1905 2804 alias
1957 2723 2374 2804 Secretarie
2418 2728 2750 2804 Cancel-

503 2830 732 2907 'larie
805 2847 1057 2907 nostre
1111 2829 1592 2923 cancellarii,
1647 2856 1779 2906 sua
1831 2851 1908 2910 et
1971 2830 2329 2937 Stephani
2395 2836 2748 2928 carnalis,

544 2963 690 3014 nee
742 2963 895 3013 non
934 2935 1119 3021 alter
1147 2931 1563 3028 Johannes‚
1634 2936 1829 3015 filius
1877 2941 2191 3017 condam
2230 2942 2426 3018 Petri
2468 2943 2561 3017 de
2602 2969 2749 3018 ea-

553 3042 729 3121 dem
780 3044 1055 3138 Peren,
1111 3045 1421 3121 comitis
1474 3042 1901 3124 Siculorum
1950 3067 2417 3142 nostrorum,
2476 3050 2754 3126 Comes

551 3151 840 3228 scilicet
875 3170 1130 3228 noster
1167 3152 1905 3247 Maromorosiensis·,
1957 3155 2292 3232 similiter
2319 3182 2448 3232 sua
2484 3182 2571 3233 ac
2619 3157 2752 3233 Ni-

439 3324 444 3327 .
555 3257 790 3354 colai,
847 3256 1077 3365 modo
1114 3255 1449 3334 similiter
1487 3259 1839 3353 earnalis,
1907 3260 2217 3351 fratrum
2275 3264 2610 3368 ipsorum
2667 3266 2755 3340 in

551 3365 928 3470 personis,
985 3364 1412 3441 Serenitatis
1461 3382 1757 3465 nostrae
1814 3365 2165 3445 adeuntes
2217 3390 2753 3475 conspectum,

555 3469 1055 3548 exbibuerunt
1095 3484 1171 3549 et
1204 3485 1726 3576 presentarunt
1760 3473 1975 3549 nobis
2014 3475 2365 3580 quasdam
2405 3478 2753 3578 quinque

551 3576 800 3654 literas
839 3575 1332 3683 priuilegiales
1354 3632 1378 3667 ,
1438 3603 1661 3653 vnam
1691 3578 2037 3659 videlicet
2080 3582 2552 3660 Honorabilis
2584 3584 2755 3660 Ca-

554 3686 770 3788 pituli
829 3684 1196 3761 Ecclesiae
1255 3681 1685 3787 Scepusien.
1768 3685 2275 3784 fassionalem,
2365 3691 2748 3767 mediante

553 3818 700 3891 qua
744 3792 964 3867 iidem
1004 3810 1317 3896 vterque
1359 3790 1685 3867 Joannes
1712 3850 1734 3885 ,
1788 3822 1875 3871 ac
1916 3793 2334 3901 Stephanus
2371 3816 2449 3875 et
2499 3800 2749 3875 Nico-

556 3896 707 3972 laus
731 3952 750 3987 ,
788 3898 1238 3976 attendentes
1269 3900 1555 3976 sincere
1596 3899 2288 3997 dileccioniszelum
2322 3924 2398 3982 et
2434 3908 2744 4001 nexum,

555 4003 912 4080 naturalis
946 4006 1637 4110 consanguineitatis
1660 4065 1683 4104 ,
1720 4008 1994 4115 quibus
2030 4011 2172 4114 ipsi
2206 4012 2522 4089 inuicem
2566 4014 2748 4088 iun·-

551 4112 654 4183 cti
698 4111 947 4188 forent
984 4129 1055 4187 et
1090 4114 1588 4208 confederati,
1645 4134 1936 4193 matura
1983 4116 2532 4196 deliberacione
2570 4147 2746 4226 pre·

551 4216 828 4305 habita,
888 4220 1080 4298 inter
1117 4246 1243 4317 se,
1293 4238 1611 4318 mutuo,
1666 4241 1743 4304 et
1777 4221 1918 4305 sibi
1961 4224 2317 4313 inuicem,
2370 4254 2461 4306 ac
2506 4228 2585 4306 in
2621 4227 2750 4302 al·-
