2926 4849
2018 415 2021 416 *
2124 439 2276 514 415

176 642 333 722 siae
369 638 823 745 Strigonicn.
879 640 1092 719 cuius
1130 659 1357 746 caput
1407 657 1485 720 et
1529 615 1868 722 membra
1918 640 2195 749 pariter
2240 643 2387 719 exi÷

177 767 505 837 sterent,
579 751 655 824 in
715 750 880 830 iure
935 747 1349 844 habuisset,
1417 790 1532 810 -—
1579 793 1691 811 --
1761 769 1841 829 et
1894 753 2028 856 qui
2097 747 2397 834 scilicet,
2518 737 2519 742 ἵ

168 854 807 961 Archiepiscopus
841 871 920 932 et
961 855 1382 961 Capitulum
1416 860 1561 935 iam
1595 858 1828 940 dictas
1858 855 2186 936 decimas
2230 856 2381 932 bla-

169 961 482 1047 dorum,
532 990 802 1065 apum,
870 963 1096 1039 etiam
1156 981 1231 1039 et
1278 964 1741 1069 agnellorum
1790 992 1881 1042 ac
1940 991 2207 1042 eorum
2280 963 2378 1042 de

162 1070 756 1175 possessionibus
823 1071 1170 1173 saepefati
1217 1072 1652 1149 monasterii
1707 1099 1792 1150 ac
1849 1071 2258 1176 praepositi
2302 1087 2393 1166 etj

162 1175 601 1252 Conuentus
635 1175 730 1253 de
767 1176 1008 1280 Saagb
1053 1203 1190 1279 per
1238 1179 1632 1256 violentam
1671 1209 1715 1255 a
1744 1176 1965 1264 dicto„
2004 1178 2371 1252 Monaste-

157 1285 284 1360 rio
322 1282 898 1366 abstractionem
937 1302 1013 1366 et
1039 1287 1605 1388 perceptionem
1633 1287 1833 1362 inter
1866 1311 1944 1360 se
1981 1283 2370 1378 diuisiasct,

159 1406 237 1465 et
280 1416 520 1495 quam,
560 1391 843 1484 scilicet
899 1390 1262 1480 decimam
1314 1393 1658 1469 vinorum
1707 1388 1938 1473 modo
1993 1389 2213 1466 simili
2274 1391 2369 1465 ab

153 1497 336 1601 ipsis
377 1497 804 1600 Praeposito
849 1515 925 1577 el:
967 1498 1363 1577 conuentu
1407 1514 1486 1575 et
1544 1499 1871 1578 Ecclesia
1930 1525 2195 1577 eorum
2244 1497 2369 1572 ab·

154 1601 551 1697 stt-abere„
593 1603 919 1704 alienare
964 1624 1040 1683 et
1078 1606 1373 1710 ipsimet
1416 1606 1908 1732 appropriare
1951 1622 2041 1682 ct.
2094 1604 2389 1681 adscri-.

153 1708 352 1786 here
384 1710 976 1805 machinaretur,
1032 1736 1350 1811 eamque
1381 1742 1425 1788 a
1457 1712 1828 1800 iudicibus
1868 1713 2235 1814 suspectis
2290 1728 2368 1785 et
2465 1797 2471 1804 „

150 1816 554 1921 vlriusque
634 1820 865 1921 partis
932 1821 1239 1898 Juribus
1277 1836 1374 1904 fet
1447 1818 1908 1897 libertatibus
1965 1836 2383 1921 praesente⁴

153 1922 544 2025 quondam
581 1923 894 2006 Notario
941 1924 1243 2028 publico
1284 1943 1581 2003 nostrae
1633 1923 2062 2012 Serenitatis
2112 1923 2361 2028 perso-

150 2031 412 2116 nalemw
462 2035 536 2105 in
573 2036 1062 2136 praesentiam
1113 2034 1591 2138 appellasset,
1652 2050 1731 2108 et
1782 2033 2385 2136 transmittipoe

152 2137 539 2232 stulasset3
597 2157 775 2216 tunc
801 2137 1018 2226 idem.
1038 2140 1387 2222 Nicotaus
1428 2140 1886 2228 Vicariuset
1913 2136 2215 2230 Cantor,
2253 2155 2360 2226 al:-
2420 2225 2425 2232 ‚

148 2270 309 2345 que
345 2243 764 2321 Canonicus
794 2245 1038 2328 dictae
1071 2244 1526 2351 strigonien.
1562 2247 1960 2338 Ecclesiae,
2002 2271 2143 2320 vna
2177 2269 2357 2322 cum

144 2353 301 2427 suis
343 2351 897 2454 Assessoribus,
942 2355 1335 2433 canonicis
1373 2373 1448 2431 et
1489 2352 2047 2449 Archidiaconis
2072 2404 2095 2445 ,
2135 2350 2355 2428 simul

148 2456 509 2534 aduersus
545 2461 784 2562 ipsum
831 2460 1168 2543 Fratrem
1197 2460 1565 2545 Jacobum
1597 2462 2167 2541 Procuratorem
2188 2511 2212 2552 ,
2245 2457 2352 2532 di·

147 2570 253 2655 cti
284 2566 697 2681 Praepositi
727 2585 805 2643 et
840 2566 1267 2655 conuentus
1289 2638 1292 2645 .
1311 2567 1772 2657 susurrando
1798 2584 1839 2659 ‚'
1867 2561 2353 2655 confabulane

144 2669 282 2766 do,
318 2672 336 2687 ⁶
391 2754 396 2761 ‚
429 2698 555 2761 pm
583 2671 864 2749 ibidem
900 2674 1189 2750 ratione
1220 2673 1637 2758 huiusmodi
1678 2672 2145 2757 executionis
2181 2698 2350 2749 cau·

141 2801 288 2869 can
374 2774 502 2865 icti
538 2782 976 2875 monasterii
1011 2798 1087 2856 et
1128 2780 1643 2885 appellationis
1697 2785 1774 2857 in
1831 2798 2196 2874 nostram,
2268 2797 2347 2854 vt

139 2889 541 2980 asseritur,
593 2888 992 2965 Maiestatis
1036 2893 1579 2991 praesentiam,
1635 2888 1845 2990 prius
1909 2884 2375 2965 enormibus

141 3007 226 3067 et
271 2992 613 3095 turpibus
647 2993 942 3078 verbis,
1001 3009 1078 3069 et
1103 2993 1511 3079 inhonestis
1551 2994 1903 3080 afflictum
1926 3046 1953 3085 „
1973 2993 2035 3069 si
2095 3007 2340 3067 autem

133 3097 340 3179 idem
373 3099 609 3185 frater
636 3100 961 3193 Jacobus
991 3100 1274 3179 ibidem
1312 3127 1566 3178 coram
1616 3099 1804 3205 ipsis
1851 3096 2176 3203 aliquam
2228 3095 2373 3182 fe·m
2480 3110 2500 3187 J

137 3205 363 3282 cisset
420 3232 675 3289 morae
732 3232 1071 3311 pausam,
1126 3208 1488 3293 minantes
1548 3207 1928 3313 captiuare
1982 3224 2059 3281 et
2103 3208 2341 3280 incar·

135 3312 387 3390 cerari
432 3314 878 3406 voluissent5
931 3331 1013 3391 et
1069 3314 1368 3401 tandem
1423 3340 1597 3392 cum
1651 3310 2073 3418 saepefatus
2126 3308 2343 3387 Ladi-

130 3418 327 3495 slaus
364 3421 832 3524 praepositus
869 3439 946 3521 et
984 3421 1418 3511 conuentus
1467 3448 1619 3498 non
1685 3420 2158 3497 obstantibus
2204 3412 2349 3492 lau-1

131 3525 458 3617 iusmodi
487 3529 701 3603 minis
746 3526 1272 3632 Captiuationis
1314 3546 1390 3607 et
1440 3526 1867 3607 illicitorum
1923 3525 2336 3602 verborum

136 3634 762 3736 pertractionem,
818 3634 1133 3741 praefati
1168 3633 1633 3717 Procurator.
1709 3638 2049 3736 ipsorum
2094 3632 2331 3734 ipsam

131 3739 708 3845 appellationem
729 3742 804 3816 in
845 3741 1129 3847 scripto
1147 3736 1342 3816 infra
1363 3741 1682 3847 spatium
1705 3741 1972 3817 decem
2005 3737 2324 3830 dierum,

126 3848 233 3922 vti
266 3850 500 3925 moris
529 3866 754 3940 esset,
811 3875 952 3951 per
987 3846 1387 3952 quemdam
1442 3848 1671 3924 alium
1722 3842 2070 3940 fratrem,
2128 3841 2324 3920 vide·

126 3953 308 4031 licet
339 3951 719 4033 Andream
758 3954 1285 4045 presbiterum,
1320 3954 1658 4032 similiter
1693 3951 2100 4056 legitimum
2144 3949 2323 4027 Pro·

125 4077 554 4137 curatorem
595 4070 851 4140 coram
885 4060 1485 4140 eisdemvicario
1544 4077 1621 4137 et
1652 4057 1819 4137 aliis
1865 4057 2186 4136 dominis
2244 4072 2321 4133 et

121 4167 477 4274 ‚Capitale
516 4193 604 4246 ac
637 4169 864 4269 etiam
909 4166 1075 4274 ipso
1103 4166 1424 4247 Notario
1459 4164 1770 4273 publico
1806 4166 2169 4271 praesenti
2195 4189 2319 4242 ex·
