2926 4849
637 474 797 551 140

404 776 415 790 ,
530 687 987 813 requirimus
1017 700 1098 767 et
1127 708 1476 793 rogamus
1506 708 1651 794 per
1680 687 2281 772 miverioordiam
2289 691 2469 769 Jesu
2503 685 2720 769 Clu-i-

528 795 667 891 sti,
687 813 804 872 vt
844 797 923 871 in
964 795 1104 873 hac
1133 821 1358 873 causa
1388 795 1569 871 nihil
1620 793 1843 875 facias
1892 794 2379 894 festinanter,
2420 814 2511 877 et
2559 802 2721 876 sine

531 902 753 1006 longa
799 917 877 980 et
909 920 1198 980 matura
1240 901 1824 998 deliberatione,
1860 931 1948 981 ac
1985 905 2315 996 Ecclesia
2346 903 2721 982 inconsul-

531 1024 649 1086 ta·
628 1064 650 1104 ,
725 1034 824 1086 ne
884 1010 1379 1087 necessarium
1430 1011 1527 1087 sit
1575 1027 1850 1136 postea·
1855 1065 1877 1107 ,
1933 1016 2064 1114 qui
2122 1039 2276 1089 non
2331 1037 2724 1113 possumus

532 1115 743 1195 laesis
778 1114 1321 1223 postulantibus
1366 1142 1644 1221 negare
1680 1119 2074 1213 iustitiam,
2132 1117 2225 1195 de
2274 1120 2676 1198 violatione
2696 1174 2722 1214 ,

532 1226 656 1301 vel
692 1249 894 1319 non,
949 1225 1531 1348 iuramentorum
1572 1225 1775 1330 pacis
1819 1252 1906 1301 ac
1962 1225 2351 1302 foederum
2409 1224 2720 1332 praedi-

445 1419 448 1422 Α
531 1347 827 1414 ctorum
866 1335 1392 1435 cognosceiffe,
1409 1349 1654 1437 prout
1682 1330 1895 1407 idem
1925 1334 2095 1408 Rex
2133 1333 2481 1410 Poloniae
2513 1331 2718 1408 desi-

411 1493 418 1500 ·
530 1436 824 1514 derare
817 1436 1168 1533 videtui-3
1224 1453 1305 1513 et
1355 1438 1607 1514 forsan
1644 1462 1827 1528 nos,
1884 1441 2228 1545 cogente
2258 1440 2532 1516 iustitia
2580 1463 2720 1515 re-

530 1569 848 1637 uocare,
898 1545 986 1621 si
1006 1570 1196 1648 quae
1245 1565 1653 1648 perperam
1693 1543 1888 1622 facta
1934 1564 2223 1641 essent,
2274 1572 2469 1622 cum
2508 1560 2717 1623 tanto

528 1650 873 1727 scandalo
907 1653 1171 1756 populi
1202 1651 1630 1745 Christiani,
1684 1653 1899 1727 cuius
1951 1669 2026 1729 te
2066 1658 2449 1730 auctorem
2490 1669 2575 1729 et
2603 1676 2719 1727 su-
2800 1721 2801 1724 ,

528 1756 956 1837 scitatorem
990 1756 1268 1835 nedum
1302 1783 1505 1849 esse,
1568 1754 1706 1834 sed
1760 1758 1983 1833 etiam
2039 1761 2393 1864 suspicari
2451 1783 2713 1865 posse,

527 1887 688 1940 non
717 1864 1116 1966 vellemus3
1167 1891 1265 1940 ne
1297 1864 1495 1940 fama
1535 1882 1711 1958 tna,¹
1761 1888 1953 1968 quae
1990 1865 2270 1971 vbique
2320 1866 2716 1964 clarissima

526 1989 684 2067 est,
718 1971 1083 2057 laedatur,
1127 1989 1204 2049 et
1245 1973 1492 2047 anima
1527 1990 1653 2048 tua
1691 1977 1870 2049 tanti
1912 1975 2196 2075 peccati
2230 2000 2461 2050 onere
2498 1999 2718 2078 prae-

526 2096 921 2184 granetur,
964 2096 1040 2155 et
1056 2105 1231 2156 reus
1261 2081 1343 2155 in
1381 2096 1719 2156 extremo
1763 2077 2045 2157 iudicio
2077 2081 2446 2161 malorum
2481 2079 2718 2159 omni-

527 2212 700 2263 um
716 2183 1272 2291 praedictorum
1295 2242 1317 2280 ,
1373 2210 1568 2290 quae
1614 2188 2084 2280 necessario,
2132 2205 2213 2263 vt
2262 2185 2669 2291 plurimum
2691 2240 2716 2279 ,

527 2308 941 2397 sequutura
970 2290 1318 2369 videntur
1338 2349 1360 2388 ,
1416 2291 1657 2367 valeas
1685 2291 2053 2369 denotari.
2112 2293 2366 2382 Quare
2403 2293 2504 2368 fili
2532 2293 2717 2367 cha·-

525 2400 855 2493 tissime,
890 2399 967 2473 in
1001 2397 1141 2476 hac
1178 2414 1326 2475 tam
1360 2399 1777 2503 periculosa
1813 2402 2120 2477 materia
2151 2400 2544 2478 moderare
2576 2427 2719 2476 vo-

440 2540 446 2547 ·
529 2503 894 2584 luntatem
925 2521 1126 2582 tuam
1155 2525 1234 2582 et
1275 2511 1349 2581 in
1382 2505 1522 2583 hac
1562 2521 1776 2610 parte
1805 2510 2081 2584 nostris
2116 2511 2444 2613 paternis
2473 2508 2718 2585 moni-

528 2612 863 2689 tionibus
890 2628 966 2688 et
1002 2614 1325 2690 consiliis
1352 2618 1807 2712 acquiesce,
1849 2633 1926 2691 et
1960 2616 2155 2690 viam
2196 2615 2366 2690 alias
2403 2613 2540 2690 tibi
2579 2638 2733 2719 per·
2810 2648 2811 2653 ¹

527 2745 667 2796 nos
718 2736 1089 2825 apertam,
1145 2719 1242 2795 de
1298 2719 1723 2798 oratoribus
1765 2718 2338 2799 transmittendis
2384 2719 2491 2796 ad
2536 2745 2674 2796 nos
2696 2769 2740 2815 ,-

532 2828 1012 2932 amplectaris.
1072 2828 1229 2904 Nos
1270 2830 1491 2902 atiam
1544 2829 1959 2931 praefatum
2013 2830 2367 2921 Ducem,
2407 2843 2723 2947 propter

531 2934 690 3011 eius
721 2931 1231 3010 excellentiam
1280 2949 1360 3011 et
1409 2932 1802 3035 singularia
1851 2933 2049 3010 bona
2080 2992 2102 3030 ,
2159 2961 2352 3040 quae
2408 2935 2585 3011 fecit
2638 2935 2718 3009 in

529 3042 1065 3155 propagatione
1097 3041 1557 3119 Christianae
1593 3041 1800 3134 fidei,
1835 3043 2105 3146 magni
2115 3042 2455 3133 facimus,
2489 3057 2564 3115 et
2594 3067 2724 3144 pa·

532 3165 745 3226 terna
793 3146 1146 3225 charitate
1204 3147 1614 3250 diligimus,
1667 3175 1755 3224 ac
1810 3151 2049 3249 ipsum
2107 3148 2460 3253 dignitate
2516 3149 2720 3250 regia

529 3250 1034 3359 dignissimum
1064 3253 1495 3332 iudicamus.
1551 3251 1704 3330 Sed
1743 3253 2098 3331 vellemus
2136 3279 2307 3330 eum
2352 3281 2523 3331 cum
2573 3278 2719 3354 pa-

530 3386 659 3455 ce,
710 3362 870 3436 sine
904 3360 1294 3454 scandalo,
1329 3359 1492 3435 sine
1520 3359 1826 3456 iniuria,
1863 3381 1943 3439 et
1979 3362 2137 3439 sine
2169 3359 2539 3437 discordia
2574 3360 2721 3435 fra-

529 3467 665 3545 tris
693 3469 849 3562 sui,
906 3464 1179 3544 talibus
1215 3468 1667 3543 ornamentis
1707 3469 2011 3563 ornari,-
2057 3469 2249 3546 sicut
2312 3468 2483 3544 alias
2520 3469 2717 3544 scri-

527 3576 805 3678 psimus
839 3571 1278 3650 sublimitati
1316 3597 1517 3649 suae.
1574 3575 1850 3652 Datum
1887 3576 2171 3651 Romae
2209 3574 2406 3679 apud
2447 3573 2530 3650 S.
2585 3575 2725 3649 Pe·

532 3695 781 3774 trum,
835 3679 1079 3757 idibus
1133 3678 1587 3758 Nouembris
1606 3736 1628 3774 ,
1683 3679 2154 3785 pontificatus
2214 3684 2455 3760 nostri
2514 3706 2716 3756 anno

531 3804 806 3887 quarto
845 3787 1161 3864 decimo.
1165 3788 1216 3828 “
1449 3842 1458 3849 -

613 3906 796 3995 Apud
831 3907 1208 3995 Dlugossum
1219 3913 1530 3982 c01.533.
1559 3914 1678 3994 Qui
1716 3913 1944 3979 ballam
1978 3912 2140 3976 hauc
2175 3912 2255 3976 ad
2286 3933 2340 3976 a.
2376 3906 2562 3974 1429·
2604 3932 2714 3975 re·-

720 4013 881 4088 fert,
926 4029 1108 4099 quam
1142 4024 1351 4080 tamen
1378 4037 1574 4081 annus
1612 4018 1920 4103 regiminis
1972 4013 2176 4102 Papae
2227 4016 2308 4079 ad
2350 4024 2714 4099 sequentem

717 4131 995 4186 reuocat.
1069 4128 1261 4189 Error
1299 4136 1505 4190 tamen
1542 4124 1610 4187 *in
1648 4147 1812 4191 anno
1845 4126 2235 4191 Pontificatum
2267 4126 2512 4192 videtur
2551 4123 2717 4190 late-

629 4262 645 4273 ·
724 4244 827 4303 re,
869 4246 1413 4313 quumpaoecum
1447 4226 1726 4334 ladislao
1767 4225 2005 4296 Polono
2051 4228 2495 4315 redimam,
2540 4226 2713 4300 hand
