2926 4849
616 472 660 547 2
675 479 779 559 53.

507 713 594 763 ac
646 710 924 775 versus.
954 682 1731 763 nomi-moemmur
1781 704 1931 785 pro·-
1983 679 2414 759 defensione
2451 682 2699 782 Regni

449 880 456 897 x
505 820 773 896 agere,
855 808 931 873 et
987 788 1418 895 invigilare,
1497 786 1840 892 Majestas
1884 806 2157 873 autem,
2189 792 2421 893 Regia
2479 789 2704 864 faciet

506 900 733 997 etiam
768 898 863 974 ad
904 898 1062 975 illas
1102 917 1349 1002 partes
1389 913 1630 972 totum
1675 923 1888 998 posse
1926 901 2168 972 suum.'
2237 916 2243 927 ·
2708 937 2723 951 ·

431 1026 434 1029 ’
725 1008 890 1083 Art.
936 1007 1220 1081 xxm.
1274 1009 1465 1081 Item
1520 1002 1899 1078 videretur
1962 1002 2327 1105 Maia-stati
2371 1003 2705 1103 Regiae,

511 1114 719 1218 quod
761 1112 1070 1199 Nobiles
1111 1109 1632 1216 possessionati
1676 1109 2005 1184 homines
2038 1111 2431 1214 cujuslibet
2462 1110 2693 1186 Comi·

515 1238 706 1297 tatus
754 1236 1431 1323 congregarentur,
1486 1214 1627 1292 sub
1680 1220 1903 1291 certis
1953 1217 2567 1306 Gravamiuibus‚
2625 1229 2708 1290 et

515 1326 897 1428 Birsagiis,
954 1324 1631 1430 quaemadmodum
1711 1324 2005 1399 solitum
2068 1344 2176 1401 est
2228 1325 2712 1427 congregari,

514 1450 593 1512 et
640 1432 849 1535 quod
885 1434 963 1507 in
999 1460 1225 1508 unum
1253 1432 1797 1528 *convenientes
1830 1432 2108 1535 pariter
2146 1428 2714 1507 condescende-

515 1557 721 1633 rent,
779 1556 878 1643 et*
910 1534 1228 1642 quilib‘et
1284 1564 1552 1616 eorum
1592 1536 1873 1641 absque
1917 1539 2258 1638 quolibet
2297 1542 2561 1625 timore
2607 1536 2706 1608 li-

515 1645 703 1747 bere
762 1645 1170 1725 secundum
1229 1672 1444 1722 suum
1511 1660 1804 1720 sensum
1864 1648 2293 1748 opinionem
2368 1645 2710 1719 dicerent

516 1780 719 1853 suam
758 1751 851 1827 ad
886 1754 1206 1854 singula,
1264 1777 1403 1828 nec
1450 1754 1841 1854 quisquam
1886 1753 2153 1846 ditior,
2210 1752 2341 1826 vel„
2374 1752 2711 1855 potenti-

519 1886 654 1955 or,
707 1857 1012 1935 auderet
1056 1861 1320 1962 quovis
1357 1859 1583 1935 modo
1615 1858 2096 1935 inferioribus
2134 1858 2483 1934 adhibere
2509 1912 2531 1945 ,
2578 1871 2712 1930 aut

516 1971 751 2045 minas
801 1968 1234 2068 imponere,
1291 1983 1370 2040 vt
1419 1993 1571 2041 non
1621 1966 1941 2058 diceret,
2001 1966 2207 2067 quod
2262 1967 2400 2040 sibi
2465 1991 2709 2067 appa-

518 2089 765 2173 reret,
820 2092 897 2148 et
936 2072 1086 2159 hoc,
1116 2072 1374 2150 ordine
1414 2074 1810 2151 observato
1873 2077 2438 2174 requirerentur
2493 2071 2712 2175 quili-

517 2180 654 2256 bet
692 2178 1092 2256 distinctim
1134 2199 1211 2257 et
1261 2183 1587 2257 seorsive
1625 2208 1763 2281 per
1811 2182 2063 2283 Capita
2111 2207 2337 2283 super
2369 2206 2497 2254 sua
2539 2178 2714 2282 opi-

521 2289 746 2361 nione
785 2286 860 2359 in
914 2289 1368 2391 praemissis,
1424 2304 1498 2361 et
1539 2288 1966 2389 opinionem
2008 2285 2400 2390 cujuslibet
2442 2304 2716 2361 exten-

524 2392 683 2470 sive
748 2394 1391 2502 praescriberent,
1462 2392 1725 2496 bisque
1790 2395 1894 2469 sic
1953 2393 2271 2496 peractis
2323 2391 2613 2469 tandem
2666 2419 2711 2467 a

524 2517 679 2577 tota
721 2504 1257 2596 ,communitate
1295 2500 1676 2576 Nobilium
1719 2499 2076 2595 diuitum,
2134 2519 2210 2576 et
2254 2527 2655 2606 pauperum
2685 2557 2708 2594 ,

526 2622 603 2682 et
653 2631 802 2681 non
853 2623 1135 2683 tantum
1181 2638 1220 2682 a
1282 2608 1867 2710 potentioribuS,
1926 2628 2001 2683 et
2042 2608 2436 2683 ditioribus
2470 2610 2715 2710 elige-

523 2732 789 2807 rentur
844 2712 936 2787 de
1001 2716 1340 2818 quolibet
1409 2713 1781 2790 Comitatu
1837 2718 2022 2790 certi
2060 2714 2394 2808 Nobiles,
2452 2735 2526 2790 et
2558 2713 2720 2792 ido·

532 2822 658 2896 nei
709 2821 890 2912 viri,
937 2825 1094 2923 ,qui
1164 2824 1633 2897 attentiorem
1701 2819 2059 2898 haberent
2113 2841 2571 2925 respectum,
2644 2838 2721 2897 et

531 2925 1070 3027 diligentiorem
1131 2928 1797 3007 considerationem
1838 2927 1927 3002 ad
1977 2926 2477 3032 procurandas
2515 2956 2720 3003 com·

531 3034 905 3109 munitatis
948 3038 1332 3128 utilitates,
1387 3036 1597 3140 quod
1635 3037 1728 3110 de
1766 3035 2183 3140 hujusmodi
2221 3033 2723 3140 opinionibus,

531 3158 611 3226 ct
652 3143 862 3216 totali
906 3145 1315 3220 intentione
1361 3170 1622 3220 eorum
1659 3145 1877 3247 plene
1911 3144 2346 3219 informatos
2386 3143 2476 3216 ad
2506 3145 2724 3216 Prae-

535 3248 719 3324 latos
768 3266 841 3323 et
884 3250 1203 3325 Barones
1256 3253 1502 3353 Regni
1540 3268 2033 3354 congregatos
2078 3279 2219 3354 pro
2269 3248 2604 3325 facienda
2639 3250 2723 3322 in

449 3371 462 3382 ⁸
534 3354 877 3430 omnibus
929 3358 1406 3434 conclusione
1447 3359 1713 3435 futuris
1758 3385 2056 3461 semper
2097 3359 2563 3461 temporibus
2596 3356 2735 3430 de-

540 3462 924 3538 stinarent.

752 3569 910 3645 Art.
965 3571 1247 3647 XXIV.
1310 3570 1629 3646 Videtur
1662 3565 1935 3666 etiam,
1972 3635 1979 3641 .
2015 3574 2221 3674 quod
2275 3600 2426 3648 non
2478 3589 2732 3647 essent

536 3673 965 3752 admittendi
1012 3679 1328 3782 quilibet
1349 3677 1653 3753 Nobiles
1694 3679 1991 3756 alterius
2020 3683 2428 3757 Comitatus
2467 3682 2542 3753 in
2579 3703 2734 3752 me·

539 3781 740 3862 dium
800 3789 1419 3889 congregatorum
1480 3783 1783 3888 alicujus
1838 3791 2279 3880 Comitatus,
2339 3813 2478 3862 nec
2518 3784 2733 3860 dare-

545 3904 669 3964 tur
719 3916 861 3964 vox
922 3893 1185 3969 talibus
1238 3895 1310 3967 in
1362 3891 1862 3969 declaratione
1908 3891 2289 3986 facienda5
2334 3894 2465 3968 sed
2521 3891 2735 3994 quod

543 3995 857 4094 quilibet
890 3997 1171 4075 Nobilis
1213 4003 1286 4074 in
1321 4025 1458 4084 suo
1505 4000 1913 4094 comitatu,
1973 4003 2103 4077 ubi
2148 4001 2367 4076 habet
2403 4000 2731 4074 domici-

544 4101 718 4178 lium
749 4158 770 4193 ,
828 4102 1138 4182 deberet
1179 4105 1429 4181 dicere
1449 4161 1491 4214 ‚⁶
1534 4126 1610 4184 et
1641 4137 1843 4184 suam
1880 4109 2224 4214 proferre
2266 4109 2745 4213 opinionem.·

481 4217 484 4220 ’
565 4301 576 4322 ι
649 4301 656 4306 „
758 4209 922 4286 Art.
965 4212 1203 4289 XXV.
1255 4218 1439 4291 Item
1479 4217 1730 4292 omnia
1772 4216 2164 4320 praemissa
2215 4218 2407 4293 circa
2453 4212 2733 4288 defen-
