2926 4849
2115 415 2269 530 353

184 683 323 777 les,
356 684 695 759 similiter
735 709 829 759 ex
864 689 1053 761 scitu
1097 689 1414 761 attestati
1447 686 1755 764 fuissent
1788 692 1983 768 sicut
2021 689 2369 767 Matthae-

183 818 264 868 us
302 806 850 895 praenati-atus.
910 791 1104 879 Quia
1140 796 1389 892 itaque
1422 795 1730 897 praefati
1764 794 1948 872 Vice
1988 799 2252 874 Comes
2299 819 2376 876 et

181 896 425 971 ‚Iudex
465 896 852 974 Nobilium
890 925 984 973 ex
1027 899 1343 974 fassione
1382 901 1935 1002 praedictorum
1989 904 2369 980 Nobilium

185 1007 671 1108 praescriptas
721 1004 1511 1105 particulasvterrarum
1558 1008 1990 1104 arabilium,
2048 1035 2184 1086 nee
2220 1040 2369 1086 non

184 1113 448 1212 syluar.
488 1129 561 1185 et
583 1130 968 1213 pratorum
997 1130 1584 1188 memoratorum
1612 1115 1891 1190 Prioris
1914 1137 1987 1191 et
2026 1118 2372 1193 Conuen-

185 1235 328 1309 tus,
389 1233 465 1291 et
497 1214 796 1291 easdem
833 1246 969 1319 per
1007 1219 1283 1294 dictum
1323 1217 1705 1296 dominum
1750 1224 1791 1294 J
1800 1221 2161 1298 ohannem
2215 1228 2372 1297 Ar-

185 1324 738 1426 chiepiscopum
797 1325 889 1397 de
944 1322 1280 1400 dominio
1345 1329 1783 1410 eorumdem
1845 1356 2039 1404 anno
2067 1386 2087 1422 ,
2165 1333 2374 1410 cuius

183 1431 512 1504 nondum
558 1431 888 1510 extiterit
925 1431 1314 1518 reuolutio,
1348 1433 1713 1527 annualis,
1772 1437 2112 1514 exclusos
2169 1464 2378 1514 com-

185 1542 583 1641 perissent,
621 1538 814 1611 ·ideo
855 1540 990 1641 ipsi
1032 1539 1217 1612 Vice
1268 1539 1537 1615 Comes
1588 1560 1662 1615 et
1716 1541 1961 1620 Judex
2012 1541 2375 1619 nobilium

184 1661 569 1748 praesente
609 1646 762 1732 iam
792 1644 991 1718 dicto
1029 1648 1789 1740 nostrotestimoniO,
1833 1648 2128 1724 eosdem
2181 1651 2380 1727 Prio-

183 1777 335 1825 rem
370 1767 446 1823 et
486 1751 956 1842 Co‘nuentum
987 1753 1072 1825 'in
1119 1751 1530 1830 dominium
1572 1754 2007 1830 eorumdem
2060 1757 2379 1831 reintro-

186 1856 559 1932 duxisscnt
592 1873 667 1930 et
702 1859 1209 1933 restituissent.
1253 1861 1530 1934 Datum
1574 1859 2015 1938 duodecimo
2063 1860 2183 1936 die
2227 1862 2374 1937 diei
2461 1857 2465 1863 ¹

186 1964 662 2040 Executionis
706 1981 1203 2066 praenotatae.
1266 1968 1487 2041 Anno
1523 1969 1828 2072 Domini
1869 1967 2370 2072 supradict0.‘·‘

266 2100 356 2158 Ex
391 2091 704 2174 originali,
729 2094 930 2154 forma
958 2093 1197 2166 clausa,
1227 2110 1372 2155 cum
1402 2095 1595 2178 sigillo
1628 2093 1815 2157 dorso
1847 2097 2171 2181 impresso,
2204 2118 2372 2160 ema-

373 2207 533 2264 nata.
581 2201 644 2264 In
686 2209 911 2281 genere
941 2197 1266 2260 relatoriae
1297 2219 1510 2261 omnes
1540 2200 1743 2263 clause
1775 2213 1918 2264 sunt
1952 2199 2286 2286 expeditae.

1046 2333 1511 2433 cxxxvn.'

189 2503 471 2555 Mae-cinus
511 2503 579 2553 V.
620 2501 737 2552 PP.
781 2498 1160 2552 Wlddislaum
1194 2497 1469 2551 Poloniae
1501 2516 1683 2569 regem
1732 2500 1799 2552 ob
1838 2516 2063 2556 mortem
2108 2506 2366 2561 Aluan-

366 2596 457 2647 dri
489 2597 837 2647 Litlwaniae
876 2596 1061 2646 Ducis
1104 2593 1465 2650 consolatur,
1499 2607 1664 2665 mque
1721 2597 2057 2667 compositis
2122 2602 2368 2664 Limna-

370 2685 502 2737 niae
532 2685 690 2738 rebus
710 2717 728 2740 ‚
769 2701 828 2736 se
860 2687 938 2737 ad
972 2684 1253 2739 Hassitaa
1287 2685 1687 2752 exstirpandos
1729 2702 2056 2755 conuertas,
2087 2689 2363 2749 hortatur,

370 2776 444 2828 A.
487 2774 645 2828 1431.

303 2898 342 2907 ”
378 2890 738 2965 Martinus
772 2890 1183 2994 Episcopus
1221 2886 1503 2987 Seruus
1539 2886 1954 2967 Sei-uorum
1996 2896 2153 2972 Dei.
2192 2899 2367 2976 Cha.

178 3002 472 3077 rissimo
518 3000 593 3071 in
639 2996 929 3070 Christo
971 2993 1122 3069 filio
1160 2992 1613 3086 Wladislao,
1670 2995 2020 3075 Poloniae
2059 3008 2217 3104 regi
2258 3009 2365 3082 Il-

179 3109 414 3199 lustri‚
448 3107 758 3179 salutem
805 3123 879 3177 et
919 3103 1423 3206 Apostolicam
1473 3101 2091 3183 Benedictionem.
2131 3111 2364 3215 Supe-

174 3207 503 3288 rioribus
519 3204 802 3303 diebus,
838 3211 1066 3286 corde
1086 3210 1462 3285 fueramus
1500 3208 1768 3301 afflicti,
1793 3210 2236 3311 dubitantes,
2268 3247 2361 3295 ne

175 3322 484 3413 ambitio
520 3318 832 3393 humana
854 3317 1168 3393 celebris
1201 3316 1601 3419 memoriae
1623 3313 1921 3391 fratrem
1944 3339 2147 3396 tuum
2173 3326 2360 3402 Ale—

173 3426 540 3503 xandrum
567 3481 587 3519 ,
658 3427 960 3499 Ducem
1011 3452 1353 3526 magnum
1427 3421 1894 3515 Lithuaniae‚
1954 3432 2359 3532 cupiditate

173 3560 501 3613 coronae
522 3533 783 3633 regalis
814 3532 1131 3607 alienum
1152 3530 1427 3605 faceret
1455 3547 1530 3603 et
1565 3551 1938 3633 separaret
1960 3564 2000 3607 a
2026 3553 2119 3615 te.
2142 3539 2208 3614 N
2217 3566 2357 3615 unc

174 3651 422 3719 autem
449 3638 839 3740 affligimur
880 3658 955 3713 et
993 3638 1370 3731 dolemus,
1412 3637 1617 3738 quod
1671 3665 1870 3710 mors
1915 3643 2056 3718 iam
2096 3671 2357 3720 recon-

95 3789 100 3795 ·
174 3750 499 3824 ciliatum
537 3773 709 3821 cum
738 3744 1150 3820 Serenitate
1198 3762 1319 3817 tua
1357 3748 1430 3816 in
1468 3763 1905 3846 perpetuum
1963 3755 2351 3852 separauit„

125 3863 136 3871 ”
173 3855 323 3932 Sed
364 3858 439 3929 in
484 3853 631 3928 hoc
668 3870 959 3928 nosmet
990 3854 1182 3953 ipsos
1233 3870 1307 3924 et
1344 3870 1415 3926 te
1454 3850 1923 3926 consolamur
1965 3855 2044 3928 in
2107 3858 2356 3933 Domi·
2454 3846 2465 3866 ⁶

170 3992 267 4045 no
291 4021 313 4057 ‚
397 3960 602 4063 quod
643 3958 1057 4035 huiusmodi
1116 3961 1479 4059 separatio
1538 3957 1696 4055 lege
1759 3978 2102 4055 naturae,
2160 3969 2379 4068 quae*

170 4069 611 4146 mortalibus
640 4069 985 4142 omnibus
1019 4068 1267 4140 statuit
1297 4062 1767 4157 *moriendum
1805 4090 1984 4159 esse,
2023 4097 2179 4144 non
2212 4099 2356 4145 am-

175 4180 460 4254 bitione
516 4192 594 4251 et
648 4174 1117 4277 instigatione
1176 4168 1578 4260 maleuola‚
1635 4171 1764 4246 sed
1825 4172 1984 4247 sine
2044 4198 2354 4279 peccato
2428 4204 2433 4211 ·

277 4288 493 4365 Tom.
528 4284 626 4357 X.
663 4276 838 4356 Vol.
880 4278 1044 4355 VH.
1160 4340 1166 4347 .
1878 4285 1974 4352 23
