2926 4849
2031 584 2039 593 .
2119 483 2273 555 189

188 690 550 791 quitatem
585 688 954 791 impertiri
992 686 1390 794 postulant.
1425 688 1605 792 quia
1626 715 1736 765 ,ex
1785 690 1978 767 serie
1991 692 2397 791 praescri--

190 815 354 897 ptae
393 794 766 871 clausulae
802 794 896 871 de
940 797 1410 915 praescriptis
1454 796 1687 872 literis
1733 798 2065 883 annotati
2126 796 2377 873 Domi·
2498 866 2509 873 .

192 904 267 976 ni
323 902 637 976 Henriei
690 906 916 1003 Regts
962 921 1328 1006 excepta,
1397 920 1547 978 tam
1600 904 1679 977 in
1734 901 1950 996 foro,
1984 940 1989 944 ·
2025 930 2253 1005 quam
2297 906 2378 979 in

198 1008 535 1083 omnibus
578 1008 942 1111 portubus
977 1010 1055 1083 in
1102 1012 1562 1114 praescripta
1592 1011 1789 1086 Ezek
1842 1036 1932 1084 ex
1976 1008 2379 1087 donatione

191 1113 529 1191 eiusdem
590 1117 883 1209 Domini
961 1117 1267 1190 Henrici
1338 1121 1528 1220 regis
1594 1120 2066 1222 praescriptis
2118 1117 2381 1192 fratri-

189 1220 323 1297 bus
382 1225 464 1295 in
520 1219 712 1296 dicta
761 1222 1136 1298 Chikador
1186 1223 1722 1321 existentibus,
1779 1223 2060 1300 eisdem
2104 1224 2382 1299 Fratri-

191 1327 329 1403 bus
382 1325 672 1402 donare
728 1332 1268 1431 praescriptum
1320 1331 1684 1407 tributum
1722 1330 1863 1405 rite
1920 1349 1996 1405 et
2051 1329 2378 1434 legitime

189 1453 532 1509 exactum
593 1438 954 1532 extitisse,
1010 1435 1291 1514 eisdem
1353 1439 1570 1514 Petro
1619 1435 1824 1515 Cheh
1866 1455 1942 1513 et
1991 1436 2378 1540 Stephano

188 1543 410 1616 Banis
437 1596 459 1631 ‚
513 1543 933 1644 Joratisque
989 1544 1523 1619 Assessoribus
1577 1545 1814 1629 dictae
1871 1571 2132 1639 eorum
2198 1570 2379 1622 con·
2438 1570 2445 1575 ·

190 1650 638 1752 gregationis
669 1702 690 1738 ,
746 1650 1206 1750 caeterisque
1245 1648 1645 1726 Nobilibus
1698 1654 2136 1755 praescripti
2202 1678 2380 1727 con-

195 1773 463 1829 uentus
502 1781 673 1831 cum
718 1756 992 1831 eisdem
1047 1754 1274 1831 Banis'
1312 1762 1384 1830 in
1434 1757 1772 1832 examine
1831 1758 2056 1861 ipsius
2113 1783 2380 1833 causae

191 1862 811 1953 consedentibus,
887 1865 1279 1967 perspicue
1349 1869 1672 1965 agnitum
1736 1863 2028 1956 fuisset,
2085 1891 2227 1967 pro
2287 1891 2382 1938 eo

194 1968 422 2069 ydem
482 1969 737 2045 Petrus
788 1967 992 2045 Cheh
1053 1988 1128 2045 et
1171 1968 1592 2074 Stephanus
1645 1971 1875 2063 Bani,
1944 1968 2382 2047 eorumdem

196 2074 555 2149 nobilium
598 2079 931 2180 quaesito
968 2095 1043 2153 et
1074 2095 1446 2182 assumpto
1488 2076 1801 2155 consilio
1838 2079 2383 2182 praescriptum

195 2180 560 2256 tributum
613 2201 761 2258 tam
800 2184 884 2259 in
934 2202 1205 2290 portu,
1262 2210 1484 2287 quam
1523 2186 1599 2259 in
1645 2188 1884 2276 teri-a,
1940 2186 2016 2261 in
2063 2184 2259 2259 dicta
2301 2185 2383 2258 E·

200 2289 328 2361 zek
377 2289 576 2392 exigi
620 2289 954 2375 solitum.
1010 2318 1109 2366 ex
1153 2293 1426 2366 virtute
1475 2290 1895 2367 donationis
1944 2292 2380 2395 praescripti

201 2395 513 2472 Hearici
559 2399 751 2503 regis
808 2422 947 2501 per
980 2397 1180 2503 ipsos
1221 2396 1598 2475 Abbatem
1648 2416 1723 2475 et
1762 2393 2230 2490 Conuentum
2284 2400 2384 2473 le·

200 2504 452 2605 gitime
491 2521 774 2580 tentum
825 2524 900 2580 et
939 2532 1358 2610 possessum
1401 2506 1661 2605 ysdem
1707 2506 2051 2581 Emerioo
2102 2503 2386 2580 Abbati
2508 2531 2526 2545 -

199 2626 271 2683 et
313 2607 738 2687 Conu'entui
777 2609 872 2687 de
930 2610 1293 2688 Czikador
1338 2614 1812 2717 reliquissent
1844 2626 1935 2688 et
1974 2612 2384 2686 commisis-

199 2735 368 2792 sent
419 2719 584 2792 iure
647 2719 1028 2822 perennali
1094 2717 1518 2822 possidere,
1576 2736 1879 2812 tenere,
1936 2734 2012 2794 et
2063 2719 2382 2811 habere,

199 2823 637 3001 apthori‘t‘ate
676 2827 1005 2928 ipsorum
1060 2827 1102 2899 J
1110 2828 1459 2902 udiciaria
1502 2828 1891 2901 mediante.
1961 2820 2187 2900 Saluo
2227 2827 2386 2899 iure

202 2954 241 3000 ι
271 2956 465 3008 neno.
1598 2948 1608 2952 “

284 3062 376 3119 Ex
403 3056 857 3132 adiudicatoriis
888 3056 1148 3126 Ladislai
1181 3057 1258 3158 de
1293 3063 1454 3123 Gara
1486 3028 1739 3121 Palatini
1771 3062 1962 3124 1454.
1993 3058 2331 3124 emanatisf

1254 3210 1336 3286 L.

204 3358 507 3412 lactandus
562 3359 634 3412 V.
689 3357 948 3413 Vaiuoda
974 3355 1341 3427 fascionales
1375 3373 1538 3427 super
1580 3356 1873 3428 reciproca
1918 3349 2393 3428 coinpeeramium

395 3450 760 3505 successione
792 3450 1085 3523 elargitur.
1146 3450 1213 3504 A.
1258 3449 1420 3504 1429.

389 3570 554 3646 Nos
606 3567 996 3645 Lorandus
1034 3570 1275 3671 Lepes
1298 3621 1320 3661 ,
1375 3567 1559 3643 Vice
1615 3565 1981 3669 Vayuoda
2029 3565 2389 3666 Transyl·-

203 3703 437 3755 uanus
467 3732 492 3771 ,
543 3679 947 3754 memoriae
1003 3671 1606 3753 commendamus
1671 3692 1934 3749 tenore
1986 3675 2393 3776 praesenti·-

211 3812 383 3878 um,
444 3782 720 3887 quibus
777 3781 1123 3885 expedit,
1178 3783 1575 3857 vniuersis:
1632 3778 1842 3884 quod
1897 3796 2226 3854 nostram
2279 3805 2403 3854 ve·

211 3893 423 3967 niens
485 3893 563 3967 in
617 3892 1105 3994 praesentiam
1141 3886 1460 3963 Thomas
1483 3942 1505 3981 ,
1560 3886 1749 3963 filius
1807 3882 2164 3980 Lewkus‚
2219 3886 2402 3961 dicti

217 3999 448 4075 Woss
491 3997 587 4074 de
642 3994 930 4099 Chege,
982 3997 1062 4072 in
1128 4021 1259 4071 sua
1310 4011 1385 4069 et
1444 4020 1629 4071 onus
1681 3992 1996 4070 fratrum
2043 4017 2352 4068 suorum
2378 4044 2401 4085 ,

218 4104 573 4206 Anthony
636 4105 947 4193 net-ini,
1001 4117 1080 4179 et
1155 4098 1648 4202 sigismundi,
1701 4097 1832 4176 filii
1888 4098 2200 4176 Ladislai
2219 4152 2250 4188 ,
2305 4097 2403 4173 si-

222 4213 492 4306 militer
521 4213 1091 4317 consanguinei,
1127 4210 1204 4286 in
1244 4233 1324 4285 se
1359 4207 1799 4285 assumendo
1824 4265 1847 4304 ,
1879 4204 1976 4282 ab
2006 4233 2143 4281 vna
2168 4261 2190 4299 ‚
2233 4230 2405 4307 par-
