2926 4849
1966 542 1975 552 .
2090 488 2237 560 341

169 714 333 764 rum
372 685 688 764 Ludislai
730 705 812 763 et
851 690 1158 793 Georgii
1191 685 1524 775 Harcha‘,
1589 687 1785 766 Pauli
1819 687 2143 794 Keszeg,
2202 693 2346 769 Ni·-

131 796 349 870 .ιόΙοί
390 816 466 870 et
501 798 850 886 Joannis,
906 795 1184 871 habent
1224 796 1336 870 vel
1390 790 1829 888 habuerint,
1901 795 1976 871 hi
2030 802 2104 871 in
2168 825 2349 901 pre-

160 895 385 978 sentia
429 901 863 977 eorumdem
902 901 1220 977 Ladislai
1258 919 1335 977 et
1380 902 1691 1003 Georgii
1745 902 2037 977 Harcha
2062 959 2084 998 ‚
2140 906 2343 981 Pauli

153 1008 480 1109 Rene-g,
556 1006 847 1108 Nieoiai
912 1027 987 1106 et
1040 1010 1395 1095 Joannis,
1508 1008 2017 1084 Dominorum
2077 1030 2338 1116 vtpote

148 1115 518 1215 ipsorum,
578 1115 1151 1190 vel.officialium
1210 1110 1646 1190 eorumdem
1699 1114 2022 1215 legitime
2074 1145 2341 1218 prose-—

151 1238 495 1322 quantur.
555 1220 708 1309 Qui
761 1248 852 1295 ex
899 1241 1107 1325 parte
1160 1218 1599 1296 eorumdem
1638 1224 1844 1295 omni
1900 1241 2158 1299 contra
2211 1251 2340 1300 eos

147 1327 617 1427 quet-uland,
670 1329 860 1403 meri
894 1330 1069 1404 iuris
1118 1346 1195 1404 et
1228 1328 1566 1417 iusticie,
1625 1353 1710 1402 ac
1763 1325 2062 1405 debitae
2112 1334 2335 1416 satis-

144 1423 479 1510 factionis
515 1435 970 1510 tenebuntur
1012 1433 1632 1538 eomplimentum
1669 1435 2020 1511 exhibere
2048 1490 2071 1526 ,
2131 1437 2177 1509 J
2183 1440 2336 1513 uris

145 1539 409 1616 ordine
449 1540 868 1618 obseruato.
930 1537 1159 1617 Seous
1193 1542 1419 1642 igitur
1460 1539 1706 1614 facere
1754 1566 1905 1615 non
1951 1545 2202 1624 ausuri
2257 1546 2336 1620 in

155 1649 572 1747 premissis(
605 1647 1075 1724 presentibus
1132 1647 1476 1747 perlectis
1529 1641 1906 1724 exhibenti
1959 1653 2331 1727 restitutis.

157 1755 436 1831 Datum
490 1756 564 1827 in
605 1755 666 1828 F
670 1754 946 1830 elkirch
989 1757 1066 1828 in
1105 1753 1295 1828 festo
1348 1754 1559 1828 Beati
1598 1754 1800 1827 Luce
1845 1755 2330 1857 Euangeliste.

146 1863 372 1934 Anno
414 1859 1355 1937 Domini-MCDXXXI-o.
1415 1856 1845 1957 Regnorum
1897 1879 2329 1937 nostrorum

116 1981 335 2042 'anno
353 2023 378 2056 ‚
441 1967 822 2069 Hungarie
870 1969 1215 2042 videlicet
1243 1965 1484 2041 XLV.
1515 1967 2031 2050 Romanorum
2068 1969 2322 2044 XXII.

141 2092 217 2149 et
252 2069 610 2148 Bohemie
650 2075 877 2148 XJI.“
933 2075 1019 2149 L.
1080 2071 1160 2148 S.
1862 2099 1869 2104 ·

224 2210 315 2267 Ex
354 2203 652 2289 originali·

1027 2339 1046 2469 ς’
1108 2347 1379 2424 CXIX.

139 2488 283 2539 Idem
315 2458 712 2559 Sigioniundus
751 2489 975 2559 Geor-gio
1011 2507 1078 2541 ae
1125 2488 1392 2545 Ladislao
1430 2488 1492 2538 de
1526 2484 1709 2540 Dobri
1740 2501 1839 2541 etc.
1880 2487 2082 2540 literas
2119 2504 2311 2541 arma..

329 2578 408 2630 les
439 2577 726 2648 elargitur.
765 2580 828 2630 A.
874 2577 1031 2633 1431.

326 2685 839 2786 sigismundus
871 2688 1012 2760 Dei
1054 2688 1831 2789 graiiaRomanorum
1893 2691 2060 2764 Rex
2105 2674 2312 2764 sem·
2374 2714 2379 2723 ⁴

137 2818 273 2893 per
313 2794 691 2896 Augustus
718 2850 734 2875 ,
772 2820 857 2867 ac
895 2794 1310 2893 Hungariae
1337 2849 1359 2885 ,
1402 2795 1790 2869 Bohemiae
1816 2852 1835 2889 ‚
1877 2795 2308 2888 Dalmatiae,

135 2904 476 2976 Croatiae
545 2921 685 2973 eac.
741 2904 923 2974 Rex.
1008 2900 1368 2975 Omnibus
1423 2899 1691 2977 Christi
1754 2902 2095 2977 fidelibus
2159 2919 2309 2976 tam

130 3005 637 3110 praesentibus
660 3058 685 3092 ,
721 3034 942 3109 quam
978 3005 1246 3083 futuris
1281 3010 1773 3110 praesentium
1815 3006 2144 3083 notitiam
2181 3007 2305 3079 ha-

129 3116 392 3191 bituris
427 3110 731 3188 salutem
781 3116 851 3188 in
902 3140 993 3189 eo
1023 3169 1043 3205 ,
1102 3115 1233 3217 qui
1296 3113 1592 3212 regibus
1646 3113 1768 3186 dat
1820 3137 2173 3217 regnare,
2230 3127 2306 3186 et

125 3225 453 3311 virtuose
496 3218 965 3324 triumphare.
1021 3220 1096 3292 A
1138 3222 1339 3296 claro
1383 3220 1657 3295 lumine
1696 3219 1979 3294 Throni
2027 3220 2304 3293 Caesa-

122 3356 290 3405 reae
330 3342 461 3403 aut
483 3329 772 3428 'Regiae
816 3328 1213 3403 Maiestatis
1251 3326 1454 3402 velut
1487 3355 1525 3399 a
1564 3328 1717 3402 sole
1752 3325 1986 3415 radii,
2048 3322 2301 3401 Nobi-

121 3436 370 3512 litates
449 3434 775 3534 legitimo
833 3434 1013 3510 Jure
1079 3433 1553 3538 procedunt,
1622 3453 1702 3509 et
1769 3433 2094 3507 omnium
2148 3427 2300 3506 No·
2353 3473 2366 3488 ·

123 3540 426 3618 bilitatis
461 3540 778 3640 Insignia
819 3541 913 3614 ab
954 3543 1436 3645 Imperatoria
1476 3566 1606 3614 seu
1645 3541 1878 3642 Regia
1920 3537 2302 3641 Maiestate

126 3652 227 3726 sic
270 3645 744 3751 dependent,
797 3647 1003 3751 quod
1045 3677 1197 3724 non
1241 3648 1334 3723 sit
1361 3646 1537 3720 dare
1570 3645 1867 3721 alicuius
1902 3645 2299 3721 Generosi-

121 3758 292 3831 tatis
329 3756 666 3856 Insigne,
725 3754 929 3857 quod
978 3781 1018 3826 a
1066 3755 1345 3857 gremio
1394 3779 1541 3826 non
1608 3753 1994 3852 proueniat
2038 3749 2296 3826 Caesa-

126 3888 345 3939 reeae
383 3864 499 3936 vel
533 3860 808 3961 Regiae
834 3860 1214 3952 maritatis,
1249 3856 1420 3934 hinc
1466 3857 1557 3932 ad
1597 3858 2108 3932 vniuersorum
2147 3876 2296 3933 tam

123 3970 618 4073 praesentium
657 3994 879 4068 quam
924 3966 1343 4043 futurorum
1393 3965 1728 4041 notitiam
1793 3961 2051 4037 harum
2078 3965 2296 4039 ‘serie

123 4078 468 4153 volumus
518 4076 955 4176 peruenire:
1012 4070 1235 4162 Quod
1289 4069 1528 4171 *fidelis
1579 4070 1833 4145 noster
1886 4071 2296 4176 Gregorius

121 4180 315 4263 filius
349 4180 669 4260 condam
701 4174 1009 4285 Georgii
1038 4178 1133 4257 de
1161 4178 1428 4284 Dobry
1463 4179 1542 4253 in
1579 4174 1871 4257 nostrae
1906 4172 2156 4260 Ma'ttis
2178 4201 2297 4255 ao-

2446 523 2459 558 Ι
