2926 4849
630 447 782 557 272

527 697 662 803 qui
702 688 1149 769 delictorum
1190 716 1427 772 onere
1483 709 2110 798 praegrauantur,
2168 691 2433 770 sedula·
2471 718 2745 770 exora·

526 805 676 882 trix
729 798 825 874 ad
891 826 1189 905 regem,
1245 823 1485 906 quem·
1536 802 1832 904 genuit,
1886 799 2319 897 intercedit3
2378 799 2745 906 dignum,

530 913 683 987 imo
724 909 975 1010 potius
1036 908 1378 985 debitum
1416 907 1910 1002 arbitramur,
1964 924 2046 985 vt
2083 909 2409 985 oratoria
2449 924 2528 984 et
2574 908 2749 986 loca

531 1020 610 1093 in
647 1016 758 1092 sui
795 1017 1115 1092 nominis
1174 1014 1463 1091 honore
1516 1031 1971 1112 constructa,
2027 1030 2106 1091 et
2156 1014 2459 1092 fundata
2497 1042 2744 1122 pecu·

531 1124 839 1202 liaribus
885 1124 1306 1210 orationum
1344 1123 1743 1226 suffragiis,
1805 1139 1883 1199 et
1931 1119 2475 1225 obsequiorum
2531 1124 2752 1228 spiri·

531 1229 842 1308 tualium
890 1229 1365 1307 incrementis
1418 1232 1860 1336 propensius
1913 1228 2372 1332 attollamus3
2427 1234 2746 1337 cupien-

528 1356 642 1416 tes
687 1336 958 1441 igitur,
1015 1336 1221 1439 quod
1270 1340 1503 1413 nostri
1562 1336 1946 1441 pastoralis
1997 1339 2216 1439 officy
2266 1364 2447 1414 cura
2480 1337 2742 1428 conti-

529 1469 706 1540 uua,
762 1442 884 1517 cui
925 1441 1174 1517 diuina
1217 1442 1769 1549 dispensatione
1807 1438 2349 1548 praesidemus,
2404 1445 2557 1520 imo
2601 1470 2741 1522 ex-

529 1552 787 1630 tremis
825 1550 1430 1626 meditationibus
1475 1568 1550 1626 et
1587 1549 1887 1627 assiduis
1934 1552 2310 1653 exercitys
2365 1550 2740 1630 admone-

530 1687 746 1752 mur,
801 1655 1271 1759 frequentius
1291 1669 1324 1749 ,’
1372 1674 1446 1733 et
1505 1657 1980 1751 inducimur,
2032 1673 2115 1733 vt
2148 1659 2529 1762 potissime
2577 1687 2739 1736 no-

532 1783 770 1842 strum
823 1768 1023 1840 iuxta
1082 1788 1297 1867 posse
1353 1763 1591 1839 diuini
1629 1764 1869 1841 cultus
1908 1765 2394 1869 respiciamus
2428 1780 2507 1841 st
2544 1792 2738 1947 pro-

531 1896 963 1950 moueamus
1025 1885 1522 1972 augmentum.
1566 1939 1571 1944 .
1634 1871 1936 1947 Dudum
1969 1871 2341 1975 siquidem
2396 1874 2546 1950 Ecc
2578 1875 2731 1951 esia

528 1997 778 2059 nostra
833 1978 1215 2082 Agriensis
1273 1982 1475 2054 inter
1549 1996 1877 2054 caeteras
1951 1979 2201 2086 Regni
2265 1979 2734 2083 Hungariae‚

527 2115 669 2195 per
707 2085 1067 2172 Sanctum
1114 2083 1621 2190 Stephanum,
1677 2083 2009 2162 eiusdem
2062 2084 2271 2190 regui
2303 2087 2601 2189 negem
2652 2104 2737 2167 et

534 2193 984 2300 Apostolum
1034 2190 1389 2268 decenter
1435 2192 1740 2268 fundata
1811 2185 1906 2270 et'
1935 2195 2384 2270 sufficienter
2438 2193 2734 2291 dotata,

528 2329 616 2378 ac
654 2299 940 2377 duabus
991 2297 1524 2403 Praeposituris
1550 2355 1573 2392 ,
1614 2299 2056 2391 Lectoratu‚
2107 2302 2550 2395 Cantoratu,
2588 2302 2738 2377 Cu·

527 2407 805 2501 stodia,
862 2432 1001 2484 nec
1040 2431 1189 2481 non
1235 2404 1500 2483 decem
1536 2403 2318 2512 Archidiaconatibus,
2364 2426 2735 2513 certoque

528 2543 846 2593 numero
880 2513 1462 2609 canonicorum,
1522 2513 1597 2588 in
1650 2515 2030 2618 primitius
2065 2515 2261 2590 illius
2292 2514 2731 2592 fundatione

533 2641 791 2699 ornata
847 2639 922 2697 et
963 2618 1348 2724 insignita,
1401 2639 1479 2697 et
1532 2621 1999 2725 postmodum
2042 2623 2345 2699 alterius
2392 2622 2732 2726 Praepo-

526 2730 919 2807 siturarum
960 2726 1153 2803 illius
1190 2728 1558 2805 Ecclesiae
1596 2727 1780 2805 villis
1817 2747 1895 2803 et
1938 2729 2547 2815 obuentionibus‚
2588 2755 2731 2833 per

527 2835 838 2927 infidos,
894 2834 1398 2938 Tartarosque
1441 2863 1754 2942 regnum
1786 2834 2249 2941 praedictum
2275 2837 2729 2941 Hungariae,

529 2942 726 3049 proh
765 2941 1021 3018 dolor!
1082 2960 1536 3048 occupantes
1577 2940 1967 3019 deuastatis
1993 2942 2521 3039 ,*disturbatis,
2565 2944 2759 3048 ipsa·

528 3052 1044 3157 praepositura
1104 3052 1400 3153 penitus
1462 3048 1860 3126 annihilata
1919 3047 2102 3146 fuit,
2159 3066 2238 3126 et
2292 3052 2575 3148 extitit3
2633 3076 2729 3128 ae

530 3161 690 3263 ipsa
727 3157 1059 3236 Ecclesia
1116 3155 1502 3261 Agriensis
1550 3176 1824 3234 extunc
1862 3158 2095 3236 altero
2142 3156 2570 3259 Praeposito
2603 3156 2730 3233 ha·

531 3283 790 3344 ctenus
837 3266 1120 3351 caruit,
1149 3281 1400 3369 prout
1453 3266 1987 3368 inpraesentia
2037 3290 2290 3341 carere
2330 3264 2728 3369 dignosci-

533 3388 661 3449 tur
707 3370 1120 3450 euidenter.
1193 3372 1349 3446 Nos
1398 3388 1806 3476 satagentes
1859 3370 2266 3476 praefatam
2313 3371 2725 3449 Ecclesiam

530 3497 949 3557 restaurare
975 3536 996 3573 ,
1051 3478 1534 3582 diuinumque
1587 3480 1865 3554 cultum
1921 3475 2369 3563 diminutum
2414 3479 2726 3555 reduce-

530 3612 662 3681 re,
718 3605 796 3663 et
860 3582 1274 3688 adaugere,
1327 3610 1549 3660 vnam
1602 3585 1999 3688 capellam,
2056 3584 2299 3662 dictae
2342 3586 2722 3662 Ecclesiae
2756 3588 2777 3687 J

529 3708 835 3770 nostrae
897 3696 1363 3795 contiguam,
1433 3709 1511 3767 et
1567 3693 2083 3788 coniunctam,
2153 3693 2295 3768 sub
2348 3689 2729 3771 vocabulo

527 3798 996 3887 Beatissimae
1043 3797 1327 3875 Mariae
1382 3798 1699 3899 Virginis
1727 3852 1749 3889 ‚
1804 3799 2248 3883 authoritate
2301 3800 2727 3894 ordinaria,

475 3972 482 3987 ,
526 3905 847 4011 iureque
892 3923 1364 4011 patronatus,
1418 3934 1461 3983 a
1498 3904 1984 3985 serenissimo
2023 3908 2403 4013 Principe,
2462 3908 2724 4003 Domi·
2772 3908 2785 3947 ”

529 4039 683 4105 no,
741 4011 1064 4089 Domino
1105 4006 1629 4118 sigismundo,
1682 4013 2199 4105 Ro‘manorum
2229 4016 2726 4117 Rege,„sem·

531 4147 670 4223 per
721 4119 1102 4221 Augusto,
1156 4147 1242 4197 ac
1293 4116 1719 4225 Hungariae
1775 4121 2026 4223 Rege,
2094 4120 2315 4197 nobis
2369 4147 2724 4199 concessa

528 4220 606 4303 et
651 4221 1042 4323 attributa,
1096 4226 1282 4331 erigi
1322 4226 1657 4325 fecimus,
1712 4243 1792 4304 et
1830 4223 2221 4324 aedificari,
2280 4226 2722 4331 praefatam·
