2926 4849
656 474 802 541 ¹:8⁴1

1417 674 1876 756 CCCLXIX.

542 803 690 856 Idem
728 804 1034 855 ciuitatem
1062 805 1273 871 &pron
1311 817 1520 855 census
1553 800 1766 853 debitos
1798 797 2078 852 Dominae
2120 797 2467 870 Walburgae
2494 838 2514 866 ,
2560 817 2640 855 ae
2669 803 2763 870 fi-

739 892 844 947 liis
877 892 1180 965 assignare
1214 893 1463 946 ordinat.
1515 894 1584 947 A.
1625 870 1788 948 1436.
2426 938 2469 979 0

739 998 1252 1106 sigismundus
1301 1002 1721 1102 'Deigratie
1758 1003 2270 1077 Romanorum
2318 1007 2761 1105 Imperator

545 1133 845 1213 semper
886 1112 1385 1209 Augustusne
1424 1108 1884 1210 Hungariae,
1940 1108 2381 1205 Bohemiae‚
2449 1111 2758 1185 Dalma-

550 1219 699 1292 tiae
728 1272 753 1304 ‚
826 1214 1164 1307 croatiae
1218 1230 1358 1290 etc.
1418 1217 1585 1289 Rex
1638 1213 1974 1290 fidelibus
2024 1216 2311 1290 Nostris
2363 1215 2636 1291 Judici
2687 1236 2755 1293 et

545 1322 861 1409 sumtis,
917 1347 1003 1396 ae
1045 1324 1356 1397 caeteris
1394 1320 1741 1412 Civibus,
1799 1346 1938 1395 nec
1990 1348 2143 1397 non
2190 1325 2325 1397 toti
2368 1318 2749 1398 Commu-

546 1428 760 1504 nitati
799 1428 1133 1501 Civitatis
1185 1448 1485 1503 nostrae
1524 1425 2050 1530 Soproniensis
2089 1428 2396 1502 salutem
2444 1446 2533 1503 et
2576 1458 2741 1533 gm-

549 1537 749 1611 tiam.
825 1536 1016 1623 Quia
1046 1536 1200 1608 Nos
1240 1560 1508 1609 census
1554 1535 1750 1607 Festi
1799 1525 2057 1608 Sancti
2095 1536 2397 1638 Georgii
2442 1536 2747 1638 Marty-

441 1726 446 1730 ,
550 1644 656 1718 ris
701 1641 1001 1742 singulis
1038 1643 1245 1715 annis
1280 1641 1509 1716 vestri
1549 1667 1591 1715 e
1628 1638 1875 1716 medio
1911 1642 2314 1743 provenire
2354 1642 2751 1737 debentes,

555 1750 689 1853 qui
721 1774 982 1823 census
1032 1744 1332 1846 singulis
1387 1748 1598 1821 annis
1650 1743 1932 1820 faciunt
1975 1746 2566 1852 quadringentos
2602 1749 2751 1825 flo-

554 1880 781 1932 renos
818 1856 975 1927 auri
1001 1844 1360 1955 providae
1381 1855 1743 1929 Dominae
1765 1852 2188 1957 Valpurgae
2224 1858 2535 1932 relictae
2575 1881 2750 1931 eon-

553 1960 727 2037 dem
785 1955 1074 2036 Nicolai
1141 1959 1322 2033 dieti
1376 1960 1732 2063 Gutgesel
1788 1960 2031 2052 Civis,
2090 1979 2167 2035 et
2222 1962 2738 2037 Inbabitatoris

556 2067 890 2143 Civitatis
944 2080 1239 2141 nostrae
1280 2065 1786 2161 Posoniensis,
1841 2093 1927 2141 ac
1975 2065 2361 2171 Stephano
2412 2069 2565 2144 filio
2605 2095 2740 2145 suo

554 2201 654 2253 ex
690 2171 963 2249 eodem
997 2173 1318 2249 condam
1341 2173 1656 2249 Nicolao
1695 2176 2091 2275 progenito
2124 2202 2266 2278 pro
2299 2177 2542 2250 tribus
2587 2177 2748 2249 mil-

554 2280 808 2364 libus,'
849 2279 1188 2355 ducentis
1215 2334 1238 2374 ,
1293 2297 1371 2356 et
1409 2296 1740 2383 quatuor
1772 2278 2070 2355 florenis
2115 2283 2275 2357 auri
2312 2285 2572 2385 vigore
2618 2284 2747 2356 ali-

559 2413 775 2465 arum
831 2387 1249 2464 Lites-arum
1296 2404 1716 2463 nostrarum
1759 2384 2027 2463 exinde
2069 2386 2580 2467 confectarum
2639 2393 2747 2494 pi-

558 2496 779 2599 gnori
831 2494 1176 2570 duxiinus
1223 2492 1697 2597 obligand083
1767 2493 2002 2596 Igitur
2048 2492 2382 2572 fidelitati
2440 2499 2744 2572 Vestrae

555 2601 870 2677 firmiter
900 2602 1441 2702 praecipientes
1489 2599 1924 2677 mandamus
1943 2655 1969 2690 ,
2029 2622 2394 2700 quatenus
2422 2615 2587 2679 'non
2618 2603 2747 2679 ob-

557 2706 957 2798 stantibus,
1047 2705 1625 2807 quibuscunque
1695 2709 1973 2810 nostris
2031 2709 2299 2785 Literis
2353 2712 2613 2788 harum
2669 2713 2743 2784 in

558 2813 1018 2889 contrarium
1061 2812 1383 2888 ‘forsitan
1431 2814 1757 2915 cuipiam
1811 2815 1997 2889 datis
2055 2819 2427 2919 praefatos
2486 2844 2745 2893 census

557 2916 658 2993 de
696 2919 946 2994 medio
994 2920 1244 2996 Vestri
1289 2915 1515 2994 nobis
1563 2919 2118 3023 ut‘preefertur
2165 2925 2471 3028 siugulis
2517 2925 2745 3000 Annis

558 3026 965 3130 provenire
1003 3024 1364 3102 debentes
1399 3026 1722 3118 tamdiu,
1797 3053 2207 3131 quousque·
2241 3060 2377 3134 per
2422 3049 2746 3107 nostram

559 3134 1061 3220 Maiestatem,
1130 3149 1260 3209 aut
1311 3132 1563 3212 fideles
1613 3150 1904 3211 nostros
1962 3133 2314 3240 Egregios
2382 3138 2749 3213 Leonhnr-

561 3238 746 3315 dum
811 3239 1076 3339 Noffry
1132 3240 1227 3314 de
1284 3241 1663 3341 Baymocz
1738 3243 2091 3317 comitem
2134 3246 2743 3336 Tricesimarum,

562 3363 640 3421 et
673 3346 993 3422 cusionis
1025 3365 1495 3421 monetarum
1534 3365 1950 3424 nostrarum
1977 3350 2323 3427 Gamerae
2365 3353 2747 3455 Crempni·

562 3455 802 3529 censis
836 3469 910 3527 et
948 3479 1120 3527 suos
1154 3452 1451 3544 fratres,
1513 3453 1628 3527 vel
1666 3455 1850 3529 alios
1885 3482 2401 3561 quoscunque,
2442 3490 2539 3533 un
2587 3461 2737 3533 for-

563 3562 768 3636 tussis
833 3561 1432 3652 committendos,
1502 3557 1924 3636 huiusmodi
1991 3586 2253 3656 census
2320 3566 2415 3640 ab
2476 3567 2741 3642 eisdem

560 3666 885 3742 Domina
926 3666 1381 3770 Walpurga,
1442 3686 1519 3741 et
1566 3665 1948 3771 Stephano
1995 3671 2147 3743 filio
2183 3697 2313 3745 suo
2363 3700 2509 3775 pro
2544 3673 2749 3747 dictis

556 3774 807 3849 tribus
856 3771 1217 3864 millibus,
1291 3773 1663 3866 ducentis,
1736 3792 1812 3849 et
1866 3794 2192 3878 quatuor
2243 3778 2546 3853 florenis
2597 3780 2753 3853 auri

554 3881 957 3983 redempti.
1005 3882 1462 3972 exstiterint,
1559 3881 1741 3983 ipsis
1804 3884 2164 3957 Dominae
2242 3886 2752 3990 VVaipurgae,

562 4003 645 4059 et
700 3985 1078 4090 Stephano
1132 3984 1287 4061 filio
1339 4012 1479 4062 suo
1527 3987 1756 4080 dare,
1812 4007 1889 4063 et
1938 3992 2303 4091 assignare
2367 3992 2751 4073 debeatis.

562 4091 737 4169 loeo
783 4093 1084 4184 debstn,
1137 4109 1212 4169 et
1257 4089 1722 4198 temporibus
1763 4102 2154 4198 oportunis
2214 4124 2301 4173 ao
2349 4124 2565 4174 secus
2604 4126 2749 4173 non

565 4195 837 4275 facturi
866 4257 887 4295 ‚
964 4200 1484 4304 praesentibus
1538 4201 1881 4305 perlectis
1924 4200 2308 4283 exhibenti
2367 4206 2742 4284 restitutis.
