2926 4849
695 472 842 556 562

575 707 671 770 ne
714 672 1297 773 intermissione,
1353 679 1727 782 totiusque
1764 682 2001 760 etiam
2053 653 2264 781 regni
2306 676 2543 751 nostri
2584 674 2762 757 fide-

570 789 886 878 litatem
901 783 1458 890 exhibuissent,
1514 813 1653 890 pro
1692 804 1805 864 tot
1845 806 1923 863 et
1968 790 2185 865 tantis
2220 809 2484 862 eorum
2532 780 2760 861 fideli-

571 893 841 968 tatibus
897 892 1286 996 condignis
1321 893 2049 992 remunerationibus
2095 915 2626 983 remunerare,
2684 910 2759 966 et

565 998 1112 1085 munificentiae
1201 1016 1497 1075 nostrae
1583 998 1920 1075 dextram
1995 998 2440 1088 extendere,
2525 997 2756 1074 veluti

563 1108 816 1182 nostra
853 1106 1085 1209 Regia
1153 1106 1976 1202 Maiestasconsueuit,
2067 1107 2398 1207 graciose
2458 1104 2753 1200 facere,

552 1212 819 1315 Ibique
880 1215 956 1296 in
1011 1217 1351 1316 personis
1391 1213 1914 1298 vniuersorum
1965 1231 2391 1288 nostrorum
2434 1212 2756 1308 ciuium,

554 1320 888 1408 Ciuitatis
940 1337 1193 1395 nostre
1259 1319 1761 1406 Trinchinien.
1820 1320 2339 1422 circumspecti
2398 1318 2578 1410 viri,
2628 1320 2756 1395 Ni-

461 1423 465 1427 *
518 1427 821 1503 colaus
833 1427 1107 1522 Dium,
1162 1427 1491 1503 Joannes
1537 1424 1974 1520 Padozssik‚
2028 1423 2386 1513 MathiaS,
2444 1425 2753 1519 Consul,

463 1627 468 1634 ι
543 1528 954 1640 fidelesque
999 1535 1233 1608 nostri
1277 1535 1525 1633 ciues,
1581 1533 1958 1637 predictae
2015 1549 2310 1608 nostrae
2362 1531 2748 1628 Ciuitatis,

541 1655 838 1714 nostrae
891 1639 1287 1714 Maiestatis
1350 1659 1847 1743 conspectum
1904 1638 2376 1714 accessissent
2433 1664 2573 1740 per
2616 1659 2759 1730 eos

420 1778 426 1788 ·
540 1746 969 1867 grauissima
1005 1745 1145 1819 sub
1171 1747 1478 1848 querela
1523 1764 1632 1821 est
1667 1750 2123 1845 expositum.
2171 1742 2556 1847 quomodo
2589 1735 2761 1821 Co-
2856 1785 2865 1794 ·

538 1854 755 1927 mites
813 1878 944 1929 seu
973 1849 1402 1925 castellani
1457 1853 1693 1927 nostri
1751 1851 2384 1946 TrinchinienseS,
2444 1877 2578 1952 per
2619 1879 2751 1929 no·

495 1974 768 2050 ⁴stram
823 1977 902 2036 et
964 1959 1370 2059 reginalem
1430 1957 1848 2035 Maiestates
1914 1960 2347 2048 constituti,
2428 1958 2611 2031 dum
2674 1977 2750 2036 et
2806 1958 2813 1965 ’

540 2065 891 2167 quand0,
955 2062 1202 2139 diuina
1269 2065 1571 2140 fauente
1629 2043 2064 2156 clementia,
2123 2064 2483 2140 Plebanos
2546 2065 2749 2168 ipso-

534 2199 706 2247 rum
771 2171 1072 2248 Ciuium
1140 2170 1723 2266 Pa'rocbialium‚
1797 2198 1940 2276 per
1990 2173 2189 2274 ipsos
2250 2174 2745 2268 constitutos,

411 2341 418 2360 2
534 2278 763 2357 vitam
801 2275 1018 2354 finire
1084 2279 1487 2384 contigerit
1554 2278 2089 2381 temporalem,
2143 2294 2417 2352 extunc
2454 2304 2635 2354 mox
2667 2298 2748 2355 et

533 2384 872 2462 adstatim
926 2381 1288 2490 praedicti
1337 2386 1572 2463 nostri
1610 2385 1940 2461 Comites
1982 2408 2114 2459 seu
2155 2383 2576 2473 castellani,
2618 2413 2742 2464 res

534 2507 613 2568 et
660 2493 858 2569 bona
916 2489 1243 2567 eiusdem
1285 2490 1585 2596 plebani
1641 2493 2013 2585 defuncti,
2042 2492 2602 2588 adtrectando,
2657 2496 2740 2569 in

535 2624 705 2687 vsus
771 2625 945 2675 suos
995 2596 1485 2701 prophanus,
1568 2598 1994 2674 nitebantur
2067 2617 2563 2691 conuertere,
2663 2615 2746 2676 et

533 2729 678 2808 pro
727 2724 806 2778 s‘e
843 2730 1241 2806 vsurpare,
1301 2719 1378 2777 et
1420 2706 1753 2806 ipsorum
1790 2704 2195 2781 Ecclesiam
2241 2705 2741 2810 parochialem

532 2811 640 2897 sic
685 2828 1105 2902 vacantem,
1165 2812 1284 2885 cui
1344 2812 1704 2886 voluntati
1761 2839 2021 2887 eorum
2070 2813 2496 2906 videretur,
2554 2813 2739 2892 dare

534 2933 616 2992 et
665 2915 1015 2997 conferre
1038 2947 1070 3012 3.
1116 2919 1418 2992 minime
1484 2918 1952 3033 aduertentes
2003 2944 2266 2997 eorum
2309 2922 2736 3017 libertates,

531 3053 718 3128 quas
770 3054 815 3098 a
868 3026 1058 3100 diuis
1104 3025 1448 3126 regibus,
1504 3020 2383 3130 praedecessoribusque
2458 3032 2733 3106 nostris

529 3131 995 3223 habuissent,
1063 3134 1382 3234 gratiose
1441 3158 1848 3210 concessas.
1952 3132 2475 3239 Supplicantes
2528 3137 2733 3230 Nos,

534 3238 783 3314 debita
820 3264 1129 3342 precum
1169 3241 1555 3325 instancia,
1615 3258 1977 3345 quatenus
2017 3244 2232 3317 Nos
2212 3270 2291 3316 m
2335 3243 2732 3369 praedictis

537 3373 804 3421 eorum
877 3345 1338 3421 libertatibus
1398 3346 1700 3447 pacifice
1774 3364 1851 3422 et
1905 3353 2154 3448 quiete
2195 3403 2218 3444 ,
2304 3358 2459 3426 sine
2524 3352 2734 3425 omni

538 3451 1074 3557 impedimento
1131 3452 1607 3555 dignaremur
1653 3454 2179 3531 inuiolabiliter
2231 3480 2731 3549 conseruare,

539 3578 619 3635 et
665 3587 929 3641 eorum
986 3556 1358 3635 libertates
1408 3587 1501 3635 ex
1545 3579 1797 3635 nostra
1842 3568 2044 3665 regia
2098 3580 2173 3637 et
2219 3562 2540 3667 benigna
2577 3564 2733 3638 Ma·

542 3669 798 3744 iestate
851 3664 1324 3759 roborando,
1379 3666 1847 3762 confirmare,
1903 3687 1978 3744 et
2016 3673 2216 3772 ipsos
2256 3691 2549 3747 nostros
2588 3672 2733 3745 Co-

539 3776 758 3850 mites
796 3799 928 3849 seu
947 3772 1388 3851 Castellanos
1427 3803 1468 3848 a
1502 3775 1827 3852 talibus
1809 3778 2135 3869 iniuriis,
2175 3793 2401 3881 atque
2448 3780 2743 3881 inprae-

537 3881 828 3961 iudiciis
879 3905 1292 3957 remouere.
1366 3884 1656 3959 Extunc
1701 3910 1847 3959 nos
1887 3909 1981 3958 ex
2030 3901 2228 3958 certa
2281 3902 2534 3960 nostra
2578 3886 2730 3960 sci-

540 3993 768 4073 entia,
827 3988 1484 4092 praelatorumque
1527 4007 1603 4064 et
1638 3990 2020 4081 Baronum
2070 4009 2495 4068 nostrorum
2531 4017 2725 4067 con-

536 4094 745 4188 silio,
800 4097 1169 4170 neminem
1227 4094 1304 4168 in
1353 4098 1501 4171 suis
1553 4097 1841 4172 iuribus
1894 4100 2233 4201 priuare,
2286 4096 2415 4173 sed
2471 4097 2719 4201 potius

542 4228 683 4305 per
720 4226 858 4278 nos
894 4219 969 4278 et
1016 4217 1311 4278 nostros
1344 4228 1806 4280 successores
1842 4205 1924 4279 in
1963 4205 2351 4307 praedictis
2392 4206 2717 4311 ipsorum
