2926 4849
589 591 596 598 ,
676 491 825 560 626

566 716 843 775 stanter
885 696 1344 789 observatis,
1402 713 1737 788 eatenuS,
1792 713 2149 799 quatenus
2182 698 2397 790 rite,·
2423 712 2501 770 et
2540 693 2764 769 ratio·

469 799 478 802 i
562 804 913 880 nabiliter
953 819 1334 879 emanatae
1370 818 1567 899 sunt,
1621 805 2255 903 viresque‘earum
2295 806 2592 879 veritati
2622 800 2767 877 suf·

559 913 944 1017 fragantur
959 967 984 1003 ,
1045 914 1527 1001 innovantes,
1585 927 1957 1013 perpetuo
1994 909 2342 985 valituras
2374 907 2767 1006 confirma·

559 1046 765 1112 mus,
819 1020 1219 1122 praetactis
1255 1016 1861 1093 Limitationibus
1902 1016 2320 1111 censuum,
2371 1043 2461 1093 ac
2506 1015 2764 1090 Liber·

557 1126 830 1201 tatibus
908 1119 1482 1229 praerogativis,
1584 1140 1659 1197 et
1718 1120 2357 1219 confessionibus,
2450 1123 2762 1224 aliisque

558 1231 942 1322 omnibuS,
1017 1248 1095 1308 et
1139 1232 1441 1332 singulis
1494 1230 1834 1333 superius
1877 1230 1955 1302 in
2026 1247 2289 1306 tenore
2331 1248 2763 1331 praetacta-

551 1365 722 1413 rum
775 1339 1193 1414 Literarum
1234 1336 1382 1440 jam
1431 1334 1564 1412 fati
1613 1336 1925 1412 condam
1986 1334 2299 1415 Stiborii
2354 1336 2758 1438 Vayvodae

549 1445 962 1537 contentis,
1036 1462 1109 1520 et
1162 1442 1654 1549 specificatus,
1712 1462 2048 1519 nostrum
2107 1444 2564 1520 benevolum
2614 1448 2761 1519 Re·

537 1556 755 1652 gium
812 1550 1273 1627 Consensum
1331 1548 1851 1655 praebuimus,
1904 1553 2052 1623 imo
2092 1550 2535 1654 praebemus
2569 1554 2758 1656 pari-

545 1676 700 1742 ter,
756 1677 831 1734 et
873 1672 1269 1734 assensum.
1362 1657 1775 1732 Annuimus
1830 1658 2134 1759 insuper
2189 1659 2588 1762 praedictis
2646 1660 2757 1734 ci·

543 1765 784 1857 vibus,
837 1763 1273 1867 hospitibus,
1329 1782 1405 1839 et
1448 1766 1747 1867 populis
1793 1770 2060 1838 nostris
2101 1764 2179 1838 in
2219 1764 2554 1868 praefato
2596 1765 2750 1870 Op-

540 1870 723 1976 pido
761 1891 1016 1948 nostro
1064 1870 1416 1947 Szenicze
1452 1868 1947 1946 residentibus
1987 1894 2130 1973 pro
2184 1871 2539 1970 aedificiis
2576 1876 2753 1947 Do-

541 2005 887 2069 morum,
942 2003 1027 2052 ac
1079 1979 1243 2052 usui
1300 1993 1570 2054 eorum
1625 1978 2093 2067 necessariis,
2146 1996 2227 2053 et
2278 2006 2435 2054 non
2472 1980 2749 2055 .vendi-

545 2088 762 2162 tionis
803 2079 1065 2178 c‘ausa,
1124 2082 1440 2186 quadam
1493 2086 1701 2186 sylva
1755 2106 2003 2160 nostra
2050 2084 2573 2187 Fenyewerd6
2622 2114 2749 2161 vo-

540 2210 741 2286 cata,
797 2193 1235 2295 pascuisque
1272 2209 1504 2296 atque
1540 2191 1769 2295 pratis
1806 2190 1899 2264 ad
1954 2210 2201 2268 castrt.
2230 2209 2493 2267 nostra
2552 2172 2746 2270 Eten-

530 2289 674 2392 116,
729 2297 1179 2382 Korliuhkti,
1236 2298 1607 2392 Jok6,*et
1641 2300 1961 2372 Berencs
1992 2294 2322 2401 apellata
2364 2302 2747 2403 pertinen·

469 2401 476 2407 ⁴
531 2407 770 2498 tibus»,
826 2404 1145 2509 demptis
1197 2423 1444 2481 tamen
1492 2401 1732 2506 Sylvis
1781 2406 2314 2509 permissoriiS,
2377 2433 2519 2483 nec
2584 2437 2741 2484 non

534 2513 812 2605 Pratis,
869 2529 942 2585 et
991 2512 1391 2587 foenilibus
1441 2538 1584 2618 pro
1654 2539 1831 2602 usu,
1890 2505 1993 2586 et.
2031 2514 2569 2590 sustentatione
2612 2542 2740 2591 eo-

535 2617 876 2695 rumdem
915 2619 1346 2707 Castrorum
1387 2635 1816 2693 nostrorum
1866 2618 2280 2717 deputatis,
2341 2621 2498 2694 aliis
2548 2649 2742 2723 quo·

535 2752 684 2827 que
720 2728 1026 2819 Incolis,
1082 2742 1155 2799 et
1212 2723 1750 2799 habitatoribus
1788 2725 2286 2829 oppidorum,
2342 2729 2740 2824 villarum,

537 2851 615 2907 et
665 2834 1212 2907 possessionum
1261 2831 1353 2905 ad
1405 2850 1879 2936 praenarrata
1948 2833 2198 2910 Castra
2259 2854 2509 2911 nostra
2566 2863 2736 2941 spe·

540 2938 894 3015 etantium
931 2938 1024 3014 de
1061 2939 1107 3011 J
1114 2965 1271 3030 ure,
1332 2953 1408 3013 et
1430 2942 1999 3043 pertinentium,
2058 2969 2143 3015 ac
2183 2942 2563 3046 pertinere
2594 2943 2737 3020 de-

455 3124 460 3127 ,
540 3047 871 3121 bentium
897 3102 913 3129 ,
975 3062 1204 3149 prout
1241 3072 1333 3120 ex
1372 3048 1859 3121 concessione
1900 3045 2213 3123 condam
2239 3052 2415 3123 Exc.
2454 3052 2737 3127 Princi-

521 3148 654 3259 —pis
682 3152 979 3228 Domini
1020 3148 1387 3227 Ludovici'
1413 3155 1639 3257 Regis
1657 3152 2081 3256 Hungariae
2120 3155 2383 3258 inclyti
2409 3211 2430 3247 ,
2475 3156 2735 3250 Patris,

540 3278 617 3335 et
671 3259 1262 3335 Prae-decessoris
1301 3260 1556 3334 Nostri
1595 3261 1946 3336 carissimi
1973 3317 1998 3351 ‚
2058 3289 2195 3366 per
2236 3267 2480 3368 ipsum
2518 3265 2734 3341 dictis

542 3366 883 3456 Civibus,
944 3367 1285 3470 populiS,
1341 3385 1419 3442 et
1457 3363 1866 3470 hospitibus
1913 3370 2264 3445 antedicti
2301 3370 2559 3474 oppidi
2604 3398 2731 3447 no·

543 3475 673 3552 stri
716 3470 1111 3560 Szenicze,
1171 3491 1251 3547 ut
1302 3472 1531 3548 iidem
1585 3492 1961 3570 asserunt,
2016 3478 2330 3580 gratiose
2386 3480 2583 3554 facta
2613 3478 2731 3553 ha-

545 3574 802 3655 ctenus
836 3578 1047 3669 freti,
1103 3598 1178 3655 et
1209 3580 1433 3682 gavisi
1480 3580 1701 3656 fuisse
1737 3579 2278 3687 perhibentur,
2336 3587 2486 3681 uti,
2544 3574 2732 3680 frui,

544 3705 621 3763 et
655 3682 880 3789 potiri
917 3686 1222 3775 valeant,
1277 3702 1505 3786 atque
1543 3695 1821 3791 possint
1863 3692 2268 3791 praesentis
2299 3693 2559 3796 scripti
2599 3721 2728 3771 no·

543 3795 670 3867 stri
733 3793 1144 3892 patrocinio
1193 3793 1596 3869 mediante.
1686 3800 1760 3867 ln
1824 3796 2035 3901 niujans
2090 3800 2202 3872 rei
2249 3801 2725 3888 memoriam,

544 3898 1121 3997 firmitatemque
1170 3918 1598 4007 perpetuam
1645 3922 2064 4004 praesentes
2097 3912 2594 3983 concessimus
2619 3908 2729 3983 Li·

546 4027 736 4083 teras
793 4024 1081 4081 nostras
1139 4006 1623 4107 Privilegiaies
1696 4010 2121 4111 pendentis,
2199 4031 2272 4088 et
2331 4014 2728 4089 authentici

463 4189 477 4199 ,
549 4113 727 4185 no'vi
782 4111 1146 4215 dupplicis
1194 4111 1408 4219 sigilli
1458 4120 1690 4189 nostri
1744 4119 2153 4219 praedicti,
2214 4126 2370 4222 quo
2427 4139 2506 4195 ut
2562 4125 2724 4196 Rex

544 4219 965 4320 Hungariae
999 4219 1312 4313 utimur,
1369 4225 1774 4326 munjminr
1815 4222 2227 4300 roboratas.
2296 4228 2555 4306 Datum
2593 4229 2721 4304 Po-

2272 4508 2307 4533 Q
