2926 4849
2112 494 2260 571 118

1171 690 1376 767 XIV.

181 855 566 924 segia-maha
606 855 676 907 R.
712 856 792 911 H.
835 858 1314 928 congregationem
1344 874 1520 930 propo
1562 859 1764 942 Albona
1810 863 2046 922 celebras
2061 907 2080 934 ,
2118 845 2361 932 cauea}-

357 990 460 1043 ραι
492 971 753 1026 discutit.
804 969 877 1028 A.
912 970 1067 1028 1429.

353 1087 518 1165 Nos
570 1086 1128 1191 Sigismundus,
1186 1087 1324 1162 Dei
1370 1092 1603 1191 gratia
1647 1096 2157 1179 Romanorum
2188 1109 2356 1189 Rex

171 1217 458 1295 semper
513 1189 930 1296 Augustus,
1003 1220 1090 1270 ac
1145 1193 1605 1295 Hungariae‚
1677 1202 2107 1306 Bohemiae,
2171 1216 2381 1303 Dal-‚

164 1300 470 1393 madae,
533 1301 916 1390 Croatiae,
972 1320 1110 1377 etc.
1169 1298 1380 1395 Rex,
1437 1301 1691 1383 damus
1747 1338 1890 1413 pro
1946 1326 2354 1423 memoria,

166 1406 353 1508 quod
396 1397 773 1482 cuminos
821 1404 912 1478 ad
961 1407 1369 1482 instantiam
1420 1428 1492 1486 et
1536 1410 1930 1514 legitimam
1975 1429 2356 1532 supplica..

164 1517 437 1587 tionem
502 1513 827 1613 religiosi
891 1513 1102 1608 Viri,
1176 1513 1419 1592 fratris
1455 1567 1466 1582 κ
1497 1517 1874 1620 Benedicti
1940 1526 2350 1630 Cruciferi,

161 1619 504 1695 Custodia
558 1623 763 1697 Beati
827 1622 1021 1720 regis
1079 1617 1433 1725 Stephani
1496 1624 1913 1726 Ecclesiae,
1967 1636 2045 1711 in
2090 1668 2239 1720 sua*
2277 1668 2354 1727 et

158 1723 595 1803 conuentus
659 1722 1220 1802 cruciferorum
1284 1726 1377 1805 de
1434 1733 1693 1809 eadem
1721 1790 1745 1830 ,
1802 1764 1945 1815 vna
1996 1771 2165 1822 cum
2213 1755 2351 1833 De·

157 1834 412 1909 mettio
477 1834 772 1909 literato
823 1851 1128 1927 nostro,
1186 1853 1266 1910 et
1304 1834 1716 1916 Benedicto
1771 1843 2146 1930 Canonico
2193 1860 2351 1938 Ec·-

157 1937 401 2015 clesiae
444 1938 875 2016 Colocensis
931 1937 1401 2037 bominibus,
1457 1943 1550 2018 ad
1586 1943 2088 2056 infrascriptas
2125 1992 2348 2044 reca-

157 2049 606 2148 ptiuationes
632 2066 710 2125 et
741 2047 1176 2125 statutioncs
1208 2050 1591 2138 cuiusdam
1632 2064 2155 2166 possessionis,
2212 2101 2345 2154 seu

155 2154 431 2253 praedii
496 2153 679 2229 Dios
739 2171 1046 2240 vocatae
1065 2211 1098 2248 „
1142 2156 1366 2257 ipsius
1415 2151 1790 2239 Ecclesiae
1849 2162 2104 2248 Sancti
2151 2185 2345 2286 regis

156 2259 566 2347 faciendaS,
622 2261 1330 2364 de-congregatione
1371 2284 1623 2343 nostra
1659 2275 1991 2373 generali
2028 2280 2344 2366 Vniuer-

155 2366 328 2444 sitati
407 2367 805 2445 Nobilium
871 2369 1282 2445 Comitatus
1351 2370 1699 2452 Albensis
1767 2377 1953 2458 feria
2009 2394 2337 2473 secunda

153 2478 488 2576 proxima
526 2492 695 2552 ante
741 2472 1010 2551 festum
1061 2478 1459 2581 Beatorum
1503 2482 1698 2558 Petri
1747 2506 1824 2563 et
1871 2492 2075 2568 Pauli
2116 2499 2336 2605 Apo-

151 2583 510 2658 stolorum
534 2634 557 2673 ,
592 2609 830 2689 prope
867 2578 1142 2657 Albam
1176 2582 1551 2662 celebrata
1572 2643 1597 2683 ,
1642 2600 2334 2707 transmisissemus,

152 2686 442 2765 demum
479 2688 708 2791 ydem
732 2687 1000 2766 exinde
1038 2686 1315 2766 reuersi
1349 2693 1565 2771 nobis
1597 2702 2017 2783 retulerunt
2043 2735 2138 2788 eo
2167 2742 2328 2797 mo-

151 2794 279 2893 d03
358 2795 749 2901 quomodo
804 2796 948 2901 ipsi
992 2796 1114 2872 die
1171 2796 1551 2876 dominico
1599 2812 1945 2907 proximo
2002 2837 2172 2897 ante
2223 2826 2328 2907 fe.

151 2919 333 2979 stum
369 2902 646 2981 Beatae
692 2901 1205 3009 Margarethae
1236 2905 1560 3009 Virginis
1600 2925 1680 2984 et.
1711 2914 2101 3018 Martyris,
2138 2956 2324 3033 pm.

150 3011 912 3111 ximexpraeteritum,
969 3015 1234 3113 quinto
1287 3012 1583 3089 decimo
1630 3021 1912 3099 scilicet
1957 3025 2077 3104 die
2106 3034 2319 3113 Con-

149 3118 583 3221 gregationis
619 3136 909 3197 nostrae
942 3117 1390 3222 praedictae,
1447 3119 1538 3195 ad
1574 3123 1843 3204 faciem
1883 3130 2115 3214 dictae
2149 3144 2323 3246 9032

147 3229 472 3300 sessionis
515 3231 750 3322 Dios,
804 3227 1066 3301 vicinis
1123 3244 1197 3302 et
1241 3237 1766 3308 commetaneis
1825 3236 2156 3324 eiusdem
2208 3251 2313 3331 ibi

149 3330 458 3436 legitime
504 3335 934 3410 conuocatis
962 3334 1478 3425 accessissent,
1540 3356 1615 3414 et
1660 3343 1972 3420 eandem
2007 3358 2309 3435 nomine

146 3441 333 3517 Juris
366 3440 796 3550 praedictae
835 3441 1206 3517 Ecclesiae
1246 3438 1324 3516 S.
1359 3446 1553 3547 regis
1584 3442 1944 3553 Stephani
1986 3463 2309 3566 tempti-⁴
2418 3490 2425 3495 ’

147 3550 374 3626 nando
418 3551 659 3627 eidem
701 3548 1075 3623 Ecclesiae
1103 3550 1566 3647 statuissent3
1622 3555 1759 3631 hac
1792 3562 2041 3664 itaque
2075 3596 2303 3670 prae-

140 3658 573 3759 scriptorum
602 3655 838 3732 nostri
880 3672 955 3729 et
987 3655 1343 3730 antedicti
1364 3657 1673 3760 Capituli
1709 3662 2132 3750 Colocensis
2164 3677 2299 3757 ho-

143 3764 406 3838 minum
465 3764 824 3840 relatione
868 3762 1060 3838 facta
1101 3781 1180 3838 et
1220 3782 1574 3868 percepta
1600 3826 1622 3863 ,
1683 3797 1852 3846 cum
1905 3798 2038 3851 nos
2084 3810 2296 3886 prae-

137 3873 464 3973 scriptam
514 3867 1179 3973 recaptiuatio‘ncm
1242 3885 1321 3945 et
1369 3877 1845 3953 statutionem
1900 3880 2037 3985 ipsi
2081 3892 2294 3969 Con-

143 3985 374 4056 uentui
423 3978 688 4063 mode,
743 3976 1204 4081 quo'supr'a,
1259 3977 1531 4072 factas,
1588 4008 1844 4061 coram
1896 3990 2091 4069 dicta
2132 4001 2293 4077 vni-

140 4092 466 4164 uei-sime
498 4080 883 4161 Nobilium
918 4083 1154 4158 tribus
1191 4083 1515 4176 vicibus,
1554 4107 1633 4163 vt
1673 4096 1900 4170 moris
1929 4117 2078 4191 est,
2119 4132 2293 4207 pro-

142 4193 426 4297 mulgari
483 4191 923 4280 fecissimus,
982 4189 1257 4269 ibidem
1330 4192 1905 4304 Valentinus-de
1962 4207 2164 4301 Aba,
2218 4220 2291 4295 in

238 4302 435 4377 Tom.
473 4305 569 4378 X.
609 4298 769 4374 Vol.
813 4298 963 4370 VH.
1858 4315 1901 4382 8
