<?xml version="1.0" encoding="UTF-8"?>
<!DOCTYPE html PUBLIC "-//W3C//DTD XHTML 1.0 Transitional//EN"
    "http://www.w3.org/TR/xhtml1/DTD/xhtml1-transitional.dtd">
<html xmlns="http://www.w3.org/1999/xhtml" xml:lang="en" lang="en">
 <head>
  <title>
</title>
<meta http-equiv="Content-Type" content="text/html;charset=utf-8" />
  <meta name='ocr-system' content='tesseract 3.04.00' />
  <meta name='ocr-capabilities' content='ocr_page ocr_carea ocr_par ocr_line ocrx_word'/>
</head>
<body>
  <div class='ocr_page' id='page_1' title='image "./codexdiplomatic00fejgoog_0058.png"; bbox 0 0 2926 4849; ppageno 0'>
   <div class='ocr_carea' id='block_1_1' title="bbox 648 504 872 587">
    <p class='ocr_par' dir='ltr' id='par_1_1' title="bbox 648 504 872 587">
     <span class='ocr_line' id='line_1_1' title="bbox 648 504 872 587; baseline -0.009 2"><span class='ocrx_word' id='word_1_1' title='bbox 648 504 751 573; x_wconf 83' lang='lat'><strong>50</strong></span> <span class='ocrx_word' id='word_1_2' title='bbox 868 580 872 587; x_wconf 81' lang='grc'><strong><em>,</em></strong></span> 
     </span>
    </p>
   </div>
   <div class='ocr_carea' id='block_1_2' title="bbox 531 692 2746 1860">
    <p class='ocr_par' dir='ltr' id='par_1_2' title="bbox 533 692 2746 1240">
     <span class='ocr_line' id='line_1_2' title="bbox 537 692 2744 810; baseline -0.009 -26"><span class='ocrx_word' id='word_1_3' title='bbox 537 707 818 784; x_wconf 85' lang='lat' dir='ltr'><strong>XLIX.</strong></span> <span class='ocrx_word' id='word_1_4' title='bbox 862 705 1103 782; x_wconf 88' lang='lat' dir='ltr'><strong>Iidem</strong></span> <span class='ocrx_word' id='word_1_5' title='bbox 1153 705 1337 781; x_wconf 73' lang='lat' dir='ltr'><strong>Beni</strong></span> <span class='ocrx_word' id='word_1_6' title='bbox 1386 702 1465 779; x_wconf 88' lang='lat' dir='ltr'><strong>in</strong></span> <span class='ocrx_word' id='word_1_7' title='bbox 1524 701 2122 810; x_wconf 76' lang='lat' dir='ltr'><strong>congregatione</strong></span> <span class='ocrx_word' id='word_1_8' title='bbox 2164 692 2526 801; x_wconf 79' lang='lat' dir='ltr'><strong>generali,</strong></span> <span class='ocrx_word' id='word_1_9' title='bbox 2584 694 2744 767; x_wconf 91' lang='lat' dir='ltr'><strong>Co—</strong></span> 
     </span>
     <span class='ocr_line' id='line_1_3' title="bbox 588 796 2746 919; baseline -0.008 -27"><span class='ocrx_word' id='word_1_10' title='bbox 588 870 623 919; x_wconf 27' lang='lat'><strong>(—</strong></span> <span class='ocrx_word' id='word_1_11' title='bbox 746 814 1041 890; x_wconf 81' lang='lat' dir='ltr'><strong>mitatui</strong></span> <span class='ocrx_word' id='word_1_12' title='bbox 1097 809 1437 913; x_wconf 78' lang='lat' dir='ltr'><strong>Baranya</strong></span> <span class='ocrx_word' id='word_1_13' title='bbox 1487 809 1885 907; x_wconf 83' lang='lat' dir='ltr'><strong>celebrata,</strong></span> <span class='ocrx_word' id='word_1_14' title='bbox 1911 852 1914 855; x_wconf 24' lang='grc' dir='ltr'><strong><em>ι</em></strong></span> <span class='ocrx_word' id='word_1_15' title='bbox 1941 802 2305 883; x_wconf 77' lang='lat' dir='ltr'><strong>tributum</strong></span> <span class='ocrx_word' id='word_1_16' title='bbox 2363 800 2457 877; x_wconf 88' lang='lat' dir='ltr'><strong>de</strong></span> <span class='ocrx_word' id='word_1_17' title='bbox 2497 796 2746 876; x_wconf 74' lang='lat' dir='ltr'><strong>Eszek</strong></span> 
     </span>
     <span class='ocr_line' id='line_1_4' title="bbox 753 913 2113 1002; baseline -0.008 -4"><span class='ocrx_word' id='word_1_18' title='bbox 753 921 1114 998; x_wconf 85' lang='lat' dir='ltr'><strong>Abbatiae</strong></span> <span class='ocrx_word' id='word_1_19' title='bbox 1156 918 1252 996; x_wconf 90' lang='lat' dir='ltr'><strong>de</strong></span> <span class='ocrx_word' id='word_1_20' title='bbox 1288 919 1636 996; x_wconf 81' lang='lat' dir='ltr'><strong>Czikator</strong></span> <span class='ocrx_word' id='word_1_21' title='bbox 1667 913 2113 1002; x_wconf 75' lang='lat' dir='ltr'><strong>adiudicant.</strong></span> 
     </span>
     <span class='ocr_line' id='line_1_5' title="bbox 533 1016 2746 1131; baseline -0.008 -23"><span class='ocrx_word' id='word_1_22' title='bbox 533 1033 624 1108; x_wconf 82' lang='lat'><strong>1..</strong></span> <span class='ocrx_word' id='word_1_23' title='bbox 681 1028 1072 1106; x_wconf 76' lang='lat' dir='ltr'><strong>Lotandns</strong></span> <span class='ocrx_word' id='word_1_24' title='bbox 1107 1027 1196 1103; x_wconf 79' lang='lat' dir='ltr'><strong>V.</strong></span> <span class='ocrx_word' id='word_1_25' title='bbox 1231 1022 1569 1131; x_wconf 84' lang='lat' dir='ltr'><strong>Vajuoda</strong></span> <span class='ocrx_word' id='word_1_26' title='bbox 1611 1023 2032 1125; x_wconf 73' lang='lat' dir='ltr'><strong>fassionales</strong></span> <span class='ocrx_word' id='word_1_27' title='bbox 2069 1043 2304 1122; x_wconf 79' lang='lat' dir='ltr'><strong>super</strong></span> <span class='ocrx_word' id='word_1_28' title='bbox 2340 1016 2746 1118; x_wconf 69' lang='lat' dir='ltr'><strong>reciproca</strong></span> 
     </span>
     <span class='ocr_line' id='line_1_6' title="bbox 658 1129 2530 1240; baseline -0.01 -25"><span class='ocrx_word' id='word_1_29' title='bbox 658 1186 663 1193; x_wconf 87' lang='lat'>-</span> <span class='ocrx_word' id='word_1_30' title='bbox 746 1139 1407 1240; x_wconf 77' lang='lat' dir='ltr'><strong>coimpetratomm</strong></span> <span class='ocrx_word' id='word_1_31' title='bbox 1443 1132 1911 1229; x_wconf 77' lang='lat' dir='ltr'><strong>successione</strong></span> <span class='ocrx_word' id='word_1_32' title='bbox 1952 1129 2328 1228; x_wconf 76' lang='lat' dir='ltr'><strong>elargitur.</strong></span> <span class='ocrx_word' id='word_1_33' title='bbox 2467 1158 2472 1163; x_wconf 94' lang='lat'>·</span> <span class='ocrx_word' id='word_1_34' title='bbox 2527 1129 2530 1132; x_wconf 64' lang='grc'><em>”</em></span> 
     </span>
    </p>

    <p class='ocr_par' dir='ltr' id='par_1_3' title="bbox 531 1227 2745 1560">
     <span class='ocr_line' id='line_1_7' title="bbox 531 1227 2745 1349; baseline -0.008 -26"><span class='ocrx_word' id='word_1_35' title='bbox 531 1247 653 1323; x_wconf 86' lang='lat' dir='ltr'>LI.</span> <span class='ocrx_word' id='word_1_36' title='bbox 709 1242 1248 1349; x_wconf 78' lang='lat' dir='ltr'><strong>Adoptionales</strong></span> <span class='ocrx_word' id='word_1_37' title='bbox 1309 1244 1505 1317; x_wconf 87' lang='lat' dir='ltr'><strong>inter</strong></span> <span class='ocrx_word' id='word_1_38' title='bbox 1552 1238 1949 1317; x_wconf 76' lang='lat' dir='ltr'><strong>Nicolaum</strong></span> <span class='ocrx_word' id='word_1_39' title='bbox 2012 1233 2292 1327; x_wconf 70' lang='lat' dir='ltr'><strong>Petho,</strong></span> <span class='ocrx_word' id='word_1_40' title='bbox 2348 1230 2444 1305; x_wconf 85' lang='lat' dir='ltr'><strong>de</strong></span> <span class='ocrx_word' id='word_1_41' title='bbox 2488 1227 2745 1305; x_wconf 83' lang='lat' dir='ltr'><strong>Auer-</strong></span> 
     </span>
     <span class='ocr_line' id='line_1_8' title="bbox 749 1335 2743 1455; baseline -0.01 -27"><span class='ocrx_word' id='word_1_42' title='bbox 749 1351 886 1427; x_wconf 78' lang='lat' dir='ltr'><strong>eha</strong></span> <span class='ocrx_word' id='word_1_43' title='bbox 928 1368 1004 1428; x_wconf 87' lang='lat' dir='ltr'><strong>et</strong></span> <span class='ocrx_word' id='word_1_44' title='bbox 1033 1347 1488 1455; x_wconf 75' lang='lat' dir='ltr'>Stephanum</span> <span class='ocrx_word' id='word_1_45' title='bbox 1526 1344 1805 1451; x_wconf 71' lang='lat' dir='ltr'><strong>Torjek</strong></span> <span class='ocrx_word' id='word_1_46' title='bbox 1843 1344 1940 1420; x_wconf 89' lang='lat' dir='ltr'><strong>de</strong></span> <span class='ocrx_word' id='word_1_47' title='bbox 1981 1344 2219 1420; x_wconf 68' lang='lat' dir='ltr'><strong>Kutas</strong></span> <span class='ocrx_word' id='word_1_48' title='bbox 2243 1394 2264 1435; x_wconf 91' lang='lat'>‚</span> <span class='ocrx_word' id='word_1_49' title='bbox 2315 1363 2549 1443; x_wconf 85' lang='lat' dir='ltr'><strong>super</strong></span> <span class='ocrx_word' id='word_1_50' title='bbox 2586 1335 2743 1411; x_wconf 89' lang='lat' dir='ltr'><strong>tri-</strong></span> 
     </span>
     <span class='ocr_line' id='line_1_9' title="bbox 745 1455 2077 1560; baseline -0.005 -29"><span class='ocrx_word' id='word_1_51' title='bbox 745 1455 1137 1535; x_wconf 83' lang='lat' dir='ltr'><strong>fariatione</strong></span> <span class='ocrx_word' id='word_1_52' title='bbox 1176 1457 1717 1560; x_wconf 84' lang='lat' dir='ltr'><strong>possessionum</strong></span> <span class='ocrx_word' id='word_1_53' title='bbox 1756 1478 2077 1529; x_wconf 84' lang='lat' dir='ltr'><strong>suarum.</strong></span> 
     </span>
    </p>

    <p class='ocr_par' dir='ltr' id='par_1_4' title="bbox 536 1547 2740 1860">
     <span class='ocr_line' id='line_1_10' title="bbox 536 1547 2740 1663; baseline -0.008 -21"><span class='ocrx_word' id='word_1_54' title='bbox 536 1560 687 1644; x_wconf 69' lang='lat' dir='ltr'>LII.</span> <span class='ocrx_word' id='word_1_55' title='bbox 746 1567 1304 1643; x_wconf 69' lang='lat' dir='ltr'><strong>Prot-oratoriae</strong></span> <span class='ocrx_word' id='word_1_56' title='bbox 1364 1560 1893 1639; x_wconf 72' lang='lat' dir='ltr'><strong>testimoniales</strong></span> <span class='ocrx_word' id='word_1_57' title='bbox 1934 1583 2074 1663; x_wconf 83' lang='lat' dir='ltr'><strong>pro</strong></span> <span class='ocrx_word' id='word_1_58' title='bbox 2126 1568 2340 1662; x_wconf 85' lang='lat' dir='ltr'><strong>parte</strong></span> <span class='ocrx_word' id='word_1_59' title='bbox 2399 1547 2740 1649; x_wconf 81' lang='lat' dir='ltr'><strong>Thomae</strong></span> 
     </span>
     <span class='ocr_line' id='line_1_11' title="bbox 748 1652 2733 1765; baseline -0.01 -17"><span class='ocrx_word' id='word_1_60' title='bbox 748 1674 880 1748; x_wconf 77' lang='lat' dir='ltr'><strong>filii</strong></span> <span class='ocrx_word' id='word_1_61' title='bbox 910 1672 1217 1748; x_wconf 81' lang='lat' dir='ltr'><strong>Joannis</strong></span> <span class='ocrx_word' id='word_1_62' title='bbox 1257 1670 1353 1744; x_wconf 82' lang='lat' dir='ltr'><strong>de</strong></span> <span class='ocrx_word' id='word_1_63' title='bbox 1384 1666 1706 1765; x_wconf 56' lang='lat' dir='ltr'><strong>Skiras,</strong></span> <span class='ocrx_word' id='word_1_64' title='bbox 1743 1686 1821 1745; x_wconf 85' lang='lat' dir='ltr'><strong>et</strong></span> <span class='ocrx_word' id='word_1_65' title='bbox 1865 1665 2192 1742; x_wconf 81' lang='lat' dir='ltr'><strong>Emerici</strong></span> <span class='ocrx_word' id='word_1_66' title='bbox 2219 1713 2245 1755; x_wconf 77' lang='grc'><em>,</em></span> <span class='ocrx_word' id='word_1_67' title='bbox 2278 1657 2411 1735; x_wconf 82' lang='lat' dir='ltr'><strong>filii</strong></span> <span class='ocrx_word' id='word_1_68' title='bbox 2450 1652 2733 1759; x_wconf 67' lang='lat' dir='ltr'><strong>Thom⁶</strong></span> 
     </span>
     <span class='ocr_line' id='line_1_12' title="bbox 744 1776 1562 1860; baseline -0.011 0"><span class='ocrx_word' id='word_1_69' title='bbox 744 1778 952 1860; x_wconf 79' lang='lat' dir='ltr'><strong>boldi</strong></span> <span class='ocrx_word' id='word_1_70' title='bbox 988 1776 1083 1855; x_wconf 86' lang='lat' dir='ltr'><strong>de</strong></span> <span class='ocrx_word' id='word_1_71' title='bbox 1120 1777 1403 1853; x_wconf 86' lang='lat' dir='ltr'><strong>eadem.</strong></span> <span class='ocrx_word' id='word_1_72' title='bbox 1519 1800 1522 1805; x_wconf 84' lang='lat'>·</span> <span class='ocrx_word' id='word_1_73' title='bbox 1561 1788 1562 1791; x_wconf 75' lang='grc'>’</span> 
     </span>
    </p>
   </div>
   <div class='ocr_carea' id='block_1_3' title="bbox 440 1961 2735 2216">
    <p class='ocr_par' dir='ltr' id='par_1_5' title="bbox 440 1961 2735 2216">
     <span class='ocr_line' id='line_1_13' title="bbox 1300 1961 1956 2037; baseline -0.003 0"><span class='ocrx_word' id='word_1_74' title='bbox 1300 1961 1586 2037; x_wconf 89' lang='lat' dir='ltr'><strong>Anno</strong></span> <span class='ocrx_word' id='word_1_75' title='bbox 1676 1962 1956 2035; x_wconf 64' lang='lat' dir='ltr'><strong>143st</strong></span> 
     </span>
     <span class='ocr_line' id='line_1_14' title="bbox 440 2084 2735 2216; baseline -0.008 -19"><span class='ocrx_word' id='word_1_76' title='bbox 440 2204 453 2216; x_wconf 28' lang='lat'><strong>⁶</strong></span> <span class='ocrx_word' id='word_1_77' title='bbox 526 2119 721 2195; x_wconf 90' lang='lat' dir='ltr'>LIII.</span> <span class='ocrx_word' id='word_1_78' title='bbox 776 2084 1291 2216; x_wconf 83' lang='lat' dir='ltr'><strong>Sigismundus</strong></span> <span class='ocrx_word' id='word_1_79' title='bbox 1333 2110 1430 2201; x_wconf 72' lang='lat' dir='ltr'><strong>R.</strong></span> <span class='ocrx_word' id='word_1_80' title='bbox 1467 2105 1558 2181; x_wconf 88' lang='lat' dir='ltr'><strong>H.</strong></span> <span class='ocrx_word' id='word_1_81' title='bbox 1602 2122 1930 2211; x_wconf 87' lang='lat' dir='ltr'><strong>quatuor</strong></span> <span class='ocrx_word' id='word_1_82' title='bbox 1986 2105 2463 2211; x_wconf 74' lang='lat' dir='ltr'><strong>Rozgonios.‚</strong></span> <span class='ocrx_word' id='word_1_83' title='bbox 2518 2101 2735 2181; x_wconf 88' lang='lat' dir='ltr'><strong>cele-</strong></span> 
     </span>
    </p>
   </div>
   <div class='ocr_carea' id='block_1_4' title="bbox 484 2209 2741 3387">
    <p class='ocr_par' dir='ltr' id='par_1_6' title="bbox 742 2209 2738 2419">
     <span class='ocr_line' id='line_1_15' title="bbox 742 2209 2738 2320; baseline -0.004 -24"><span class='ocrx_word' id='word_1_84' title='bbox 742 2221 972 2296; x_wconf 85' lang='lat' dir='ltr'><strong>bratis</strong></span> <span class='ocrx_word' id='word_1_85' title='bbox 1009 2241 1273 2292; x_wconf 88' lang='lat' dir='ltr'><strong>eorum</strong></span> <span class='ocrx_word' id='word_1_86' title='bbox 1298 2213 1590 2320; x_wconf 85' lang='lat' dir='ltr'><strong>meritis</strong></span> <span class='ocrx_word' id='word_1_87' title='bbox 1613 2269 1632 2307; x_wconf 91' lang='lat'>‚</span> <span class='ocrx_word' id='word_1_88' title='bbox 1670 2209 1940 2287; x_wconf 87' lang='lat' dir='ltr'><strong>donata</strong></span> <span class='ocrx_word' id='word_1_89' title='bbox 1974 2213 2434 2319; x_wconf 83' lang='lat' dir='ltr'>possessione</span> <span class='ocrx_word' id='word_1_90' title='bbox 2483 2239 2738 2289; x_wconf 87' lang='lat' dir='ltr'><strong>remu-</strong></span> 
     </span>
     <span class='ocr_line' id='line_1_16' title="bbox 748 2338 2280 2419; baseline -0.008 -18"><span class='ocrx_word' id='word_1_91' title='bbox 748 2343 1077 2403; x_wconf 73' lang='lat' dir='ltr'><strong>nex-atur.</strong></span> <span class='ocrx_word' id='word_1_92' title='bbox 1715 2338 1720 2347; x_wconf 83' lang='grc'><strong>’</strong></span> <span class='ocrx_word' id='word_1_93' title='bbox 2275 2416 2280 2419; x_wconf 74' lang='lat'><em>,</em></span> 
     </span>
    </p>

    <p class='ocr_par' dir='ltr' id='par_1_7' title="bbox 535 2423 2741 2748">
     <span class='ocr_line' id='line_1_17' title="bbox 535 2423 2738 2537; baseline -0.008 -18"><span class='ocrx_word' id='word_1_94' title='bbox 535 2438 727 2519; x_wconf 89' lang='lat' dir='ltr'>LIV.</span> <span class='ocrx_word' id='word_1_95' title='bbox 782 2436 992 2526; x_wconf 84' lang='lat' dir='ltr'>Idem</span> <span class='ocrx_word' id='word_1_96' title='bbox 1047 2423 1561 2537; x_wconf 74' lang='lat' dir='ltr'>sigismundus</span> <span class='ocrx_word' id='word_1_97' title='bbox 1609 2428 1893 2504; x_wconf 85' lang='lat' dir='ltr'><strong>ciuitati</strong></span> <span class='ocrx_word' id='word_1_98' title='bbox 1950 2428 2218 2503; x_wconf 84' lang='lat' dir='ltr'><strong>Poson.</strong></span> <span class='ocrx_word' id='word_1_99' title='bbox 2286 2452 2512 2531; x_wconf 82' lang='lat' dir='ltr'><strong>super</strong></span> <span class='ocrx_word' id='word_1_100' title='bbox 2571 2427 2738 2502; x_wconf 80' lang='lat' dir='ltr'><strong>iure</strong></span> 
     </span>
     <span class='ocr_line' id='line_1_18' title="bbox 747 2535 2741 2636; baseline -0.007 -16"><span class='ocrx_word' id='word_1_101' title='bbox 747 2538 1134 2619; x_wconf 87' lang='lat' dir='ltr'><strong>cudendae</strong></span> <span class='ocrx_word' id='word_1_102' title='bbox 1164 2554 1511 2613; x_wconf 87' lang='lat' dir='ltr'><strong>monetae</strong></span> <span class='ocrx_word' id='word_1_103' title='bbox 1541 2536 1846 2611; x_wconf 86' lang='lat' dir='ltr'><strong>minoris</strong></span> <span class='ocrx_word' id='word_1_104' title='bbox 1875 2551 2292 2636; x_wconf 82' lang='lat' dir='ltr'><strong>argenteae,</strong></span> <span class='ocrx_word' id='word_1_105' title='bbox 2339 2561 2427 2610; x_wconf 89' lang='lat' dir='ltr'><strong>ac</strong></span> <span class='ocrx_word' id='word_1_106' title='bbox 2475 2535 2741 2608; x_wconf 88' lang='lat' dir='ltr'><strong>Came-</strong></span> 
     </span>
     <span class='ocr_line' id='line_1_19' title="bbox 749 2627 2608 2748; baseline -0.005 -24"><span class='ocrx_word' id='word_1_107' title='bbox 749 2677 838 2724; x_wconf 84' lang='lat' dir='ltr'><strong>ra</strong></span> <span class='ocrx_word' id='word_1_108' title='bbox 868 2645 1276 2742; x_wconf 83' lang='lat' dir='ltr'><strong>monetaria</strong></span> <span class='ocrx_word' id='word_1_109' title='bbox 1323 2661 1608 2737; x_wconf 86' lang='lat' dir='ltr'><strong>erecta,</strong></span> <span class='ocrx_word' id='word_1_110' title='bbox 1645 2640 2122 2748; x_wconf 82' lang='lat' dir='ltr'><strong>priuilegium</strong></span> <span class='ocrx_word' id='word_1_111' title='bbox 2155 2640 2486 2744; x_wconf 85' lang='lat' dir='ltr'><strong>largitur.</strong></span> <span class='ocrx_word' id='word_1_112' title='bbox 2599 2627 2608 2638; x_wconf 76' lang='grc'><strong>’</strong></span> 
     </span>
    </p>

    <p class='ocr_par' dir='ltr' id='par_1_8' title="bbox 534 2747 2739 2842">
     <span class='ocr_line' id='line_1_20' title="bbox 534 2747 2739 2842; baseline -0.008 -3"><span class='ocrx_word' id='word_1_113' title='bbox 534 2761 689 2839; x_wconf 80' lang='lat' dir='ltr'><strong>LV.</strong></span> <span class='ocrx_word' id='word_1_114' title='bbox 746 2754 1086 2833; x_wconf 75' lang='lat' dir='ltr'><strong>Mathoni</strong></span> <span class='ocrx_word' id='word_1_115' title='bbox 1144 2751 1546 2829; x_wconf 85' lang='lat' dir='ltr'><strong>castellano</strong></span> <span class='ocrx_word' id='word_1_116' title='bbox 1596 2774 1733 2826; x_wconf 85' lang='lat' dir='ltr'><strong>suo</strong></span> <span class='ocrx_word' id='word_1_117' title='bbox 1802 2748 1898 2823; x_wconf 89' lang='lat' dir='ltr'><strong>de</strong></span> <span class='ocrx_word' id='word_1_118' title='bbox 1956 2747 2275 2842; x_wconf 86' lang='lat' dir='ltr'><strong>Kowin‚</strong></span> <span class='ocrx_word' id='word_1_119' title='bbox 2332 2775 2374 2822; x_wconf 90' lang='lat' dir='ltr'><strong>e</strong></span> <span class='ocrx_word' id='word_1_120' title='bbox 2439 2774 2739 2823; x_wconf 86' lang='lat' dir='ltr'><strong>camera</strong></span> 
     </span>
    </p>

    <p class='ocr_par' dir='ltr' id='par_1_9' title="bbox 672 2852 2734 2961">
     <span class='ocr_line' id='line_1_21' title="bbox 672 2852 2734 2961; baseline -0.006 -18"><span class='ocrx_word' id='word_1_121' title='bbox 672 2909 679 2916; x_wconf 95' lang='lat'><strong>·</strong></span> <span class='ocrx_word' id='word_1_122' title='bbox 749 2892 880 2942; x_wconf 86' lang='lat' dir='ltr'><strong>sua</strong></span> <span class='ocrx_word' id='word_1_123' title='bbox 919 2860 1403 2954; x_wconf 84' lang='lat' dir='ltr'><strong>Cassouiensi,</strong></span> <span class='ocrx_word' id='word_1_124' title='bbox 1442 2863 1599 2935; x_wconf 82' lang='lat'><strong>400</strong></span> <span class='ocrx_word' id='word_1_125' title='bbox 1644 2854 1831 2932; x_wconf 86' lang='lat' dir='ltr'><strong>flnos</strong></span> <span class='ocrx_word' id='word_1_126' title='bbox 1867 2855 2079 2931; x_wconf 86' lang='lat' dir='ltr'><strong>titulo</strong></span> <span class='ocrx_word' id='word_1_127' title='bbox 2120 2855 2362 2931; x_wconf 86' lang='lat' dir='ltr'><strong>salarii</strong></span> <span class='ocrx_word' id='word_1_128' title='bbox 2400 2852 2734 2961; x_wconf 88' lang='lat' dir='ltr'><strong>dependi</strong></span> 
     </span>
    </p>

    <p class='ocr_par' dir='ltr' id='par_1_10' title="bbox 484 2971 978 3058">
     <span class='ocr_line' id='line_1_22' title="bbox 484 2971 978 3058; baseline -0.024 -2"><span class='ocrx_word' id='word_1_129' title='bbox 484 3049 491 3056; x_wconf 85' lang='lat'>.</span> <span class='ocrx_word' id='word_1_130' title='bbox 564 3051 575 3058; x_wconf 64' lang='lat'><strong><em>„</em></strong></span> <span class='ocrx_word' id='word_1_131' title='bbox 749 2971 978 3050; x_wconf 85' lang='lat' dir='ltr'><strong>iubet.</strong></span> 
     </span>
    </p>

    <p class='ocr_par' dir='ltr' id='par_1_11' title="bbox 545 3067 2741 3387">
     <span class='ocr_line' id='line_1_23' title="bbox 545 3067 2740 3176; baseline -0.005 -19"><span class='ocrx_word' id='word_1_132' title='bbox 545 3083 739 3162; x_wconf 88' lang='lat' dir='ltr'>LVI.</span> <span class='ocrx_word' id='word_1_133' title='bbox 792 3078 1001 3156; x_wconf 88' lang='lat' dir='ltr'><strong>Idem</strong></span> <span class='ocrx_word' id='word_1_134' title='bbox 1058 3075 1282 3150; x_wconf 86' lang='lat' dir='ltr'><strong>Petro</strong></span> <span class='ocrx_word' id='word_1_135' title='bbox 1365 3070 1736 3176; x_wconf 81' lang='lat' dir='ltr'>Episcopo</span> <span class='ocrx_word' id='word_1_136' title='bbox 1805 3067 2183 3172; x_wconf 76' lang='lat' dir='ltr'><strong>Agrien&#39;si,</strong></span> <span class='ocrx_word' id='word_1_137' title='bbox 2252 3068 2740 3146; x_wconf 83' lang='lat' dir='ltr'><strong>seruitiorum</strong></span> 
     </span>
     <span class='ocr_line' id='line_1_24' title="bbox 758 3173 2741 3287; baseline -0.009 -21"><span class='ocrx_word' id='word_1_138' title='bbox 758 3188 1078 3279; x_wconf 66' lang='lat' dir='ltr'><strong>merito,</strong></span> <span class='ocrx_word' id='word_1_139' title='bbox 1136 3207 1281 3287; x_wconf 87' lang='lat' dir='ltr'><strong>pro</strong></span> <span class='ocrx_word' id='word_1_140' title='bbox 1316 3176 1689 3256; x_wconf 85' lang='lat' dir='ltr'><strong>fundanda</strong></span> <span class='ocrx_word' id='word_1_141' title='bbox 1731 3174 1999 3280; x_wconf 82' lang='lat' dir='ltr'><strong>Agriae</strong></span> <span class='ocrx_word' id='word_1_142' title='bbox 2044 3173 2344 3279; x_wconf 80' lang='lat' dir='ltr'><strong>Capella</strong></span> <span class='ocrx_word' id='word_1_143' title='bbox 2398 3178 2741 3278; x_wconf 85' lang='lat' dir='ltr'><strong>Praepo-</strong></span> 
     </span>
     <span class='ocr_line' id='line_1_25' title="bbox 760 3283 2118 3387; baseline -0.01 -16"><span class='ocrx_word' id='word_1_144' title='bbox 760 3291 1044 3371; x_wconf 85' lang='lat' dir='ltr'><strong>siturali</strong></span> <span class='ocrx_word' id='word_1_145' title='bbox 1073 3345 1099 3384; x_wconf 87' lang='lat'>,</span> <span class='ocrx_word' id='word_1_146' title='bbox 1152 3286 1636 3363; x_wconf 84' lang='lat' dir='ltr'><strong>donationem</strong></span> <span class='ocrx_word' id='word_1_147' title='bbox 1674 3283 2118 3387; x_wconf 81' lang='lat' dir='ltr'><strong>impertitur.</strong></span> 
     </span>
    </p>
   </div>
   <div class='ocr_carea' id='block_1_5' title="bbox 548 3409 2241 3503">
    <p class='ocr_par' dir='ltr' id='par_1_12' title="bbox 548 3409 2241 3503">
     <span class='ocr_line' id='line_1_26' title="bbox 548 3409 2241 3503; baseline -0.012 0"><span class='ocrx_word' id='word_1_148' title='bbox 548 3422 768 3503; x_wconf 85' lang='lat' dir='ltr'>LVII.</span> <span class='ocrx_word' id='word_1_149' title='bbox 820 3417 1029 3497; x_wconf 89' lang='lat' dir='ltr'><strong>Idem</strong></span> <span class='ocrx_word' id='word_1_150' title='bbox 1072 3412 1440 3491; x_wconf 84' lang='lat' dir='ltr'><strong>licentiam</strong></span> <span class='ocrx_word' id='word_1_151' title='bbox 1477 3409 1866 3486; x_wconf 86' lang='lat' dir='ltr'><strong>Nobilium</strong></span> <span class='ocrx_word' id='word_1_152' title='bbox 1900 3423 2241 3485; x_wconf 78' lang='lat' dir='ltr'><strong>coarctat.</strong></span> 
     </span>
    </p>
   </div>
   <div class='ocr_carea' id='block_1_6' title="bbox 549 3535 2661 3652">
    <p class='ocr_par' dir='ltr' id='par_1_13' title="bbox 549 3535 2661 3652">
     <span class='ocr_line' id='line_1_27' title="bbox 549 3535 2661 3652; baseline -0.007 -22"><span class='ocrx_word' id='word_1_153' title='bbox 549 3549 746 3635; x_wconf 89' lang='lat' dir='ltr'>LIII.</span> <span class='ocrx_word' id='word_1_154' title='bbox 774 3544 1003 3646; x_wconf 33' lang='lat' dir='ltr'><strong>‚Idem</strong></span> <span class='ocrx_word' id='word_1_155' title='bbox 1036 3541 1264 3652; x_wconf 82' lang='lat' dir='ltr'><strong>supe‘r</strong></span> <span class='ocrx_word' id='word_1_156' title='bbox 1296 3536 1826 3618; x_wconf 70' lang='lat' dir='ltr'><strong>Salamonvara</strong></span> <span class='ocrx_word' id='word_1_157' title='bbox 1860 3535 2451 3617; x_wconf 83' lang='lat' dir='ltr'><strong>confirmatorias</strong></span> <span class='ocrx_word' id='word_1_158' title='bbox 2487 3539 2661 3616; x_wconf 84' lang='lat' dir='ltr'><strong>edit.</strong></span> 
     </span>
    </p>
   </div>
   <div class='ocr_carea' id='block_1_7' title="bbox 551 3661 2758 4321">
    <p class='ocr_par' dir='ltr' id='par_1_14' title="bbox 551 3661 2753 3964">
     <span class='ocr_line' id='line_1_28' title="bbox 551 3661 2748 3768; baseline -0.007 -12"><span class='ocrx_word' id='word_1_159' title='bbox 551 3675 751 3756; x_wconf 91' lang='lat' dir='ltr'>LIX.</span> <span class='ocrx_word' id='word_1_160' title='bbox 807 3670 1016 3749; x_wconf 87' lang='lat' dir='ltr'><strong>Idem</strong></span> <span class='ocrx_word' id='word_1_161' title='bbox 1052 3684 1387 3744; x_wconf 82' lang='lat' dir='ltr'><strong>monetas</strong></span> <span class='ocrx_word' id='word_1_162' title='bbox 1422 3664 1720 3768; x_wconf 51' lang='lat' dir='ltr'><strong>&gt;argenti</strong></span> <span class='ocrx_word' id='word_1_163' title='bbox 1747 3678 1834 3740; x_wconf 85' lang='lat' dir='ltr'><strong>-et</strong></span> <span class='ocrx_word' id='word_1_164' title='bbox 1866 3663 2076 3741; x_wconf 77' lang='lat' dir='ltr'><strong>aurei</strong></span> <span class='ocrx_word' id='word_1_165' title='bbox 2127 3661 2389 3738; x_wconf 85' lang='lat' dir='ltr'><strong>floreni</strong></span> <span class='ocrx_word' id='word_1_166' title='bbox 2431 3690 2667 3741; x_wconf 85' lang='lat' dir='ltr'><strong>nouas</strong></span> <span class='ocrx_word' id='word_1_167' title='bbox 2699 3694 2748 3741; x_wconf 85' lang='lat' dir='ltr'><strong>a</strong></span> 
     </span>
     <span class='ocr_line' id='line_1_29' title="bbox 769 3767 2753 3868; baseline -0.003 -13"><span class='ocrx_word' id='word_1_168' title='bbox 769 3779 1084 3855; x_wconf 85' lang='lat' dir='ltr'><strong>Ciuitate</strong></span> <span class='ocrx_word' id='word_1_169' title='bbox 1158 3775 1430 3856; x_wconf 77' lang='lat' dir='ltr'><strong>Poson.</strong></span> <span class='ocrx_word' id='word_1_170' title='bbox 1496 3795 1707 3850; x_wconf 82' lang='lat' dir='ltr'><strong>cusas</strong></span> <span class='ocrx_word' id='word_1_171' title='bbox 1726 3826 1749 3868; x_wconf 88' lang='lat'>,</span> <span class='ocrx_word' id='word_1_172' title='bbox 1829 3770 2174 3850; x_wconf 77' lang='lat' dir='ltr'><strong>cambire</strong></span> <span class='ocrx_word' id='word_1_173' title='bbox 2226 3767 2753 3850; x_wconf 81' lang='lat' dir='ltr'><strong>Somorienses</strong></span> 
     </span>
     <span class='ocr_line' id='line_1_30' title="bbox 766 3881 1490 3964; baseline 0 0"><span class='ocrx_word' id='word_1_174' title='bbox 766 3883 1017 3964; x_wconf 71' lang='lat' dir='ltr'><strong>iubet.</strong></span> <span class='ocrx_word' id='word_1_175' title='bbox 1204 3881 1215 3892; x_wconf 77' lang='grc'><strong>’</strong></span> <span class='ocrx_word' id='word_1_176' title='bbox 1483 3961 1490 3964; x_wconf 72' lang='grc'>,</span> 
     </span>
    </p>

    <p class='ocr_par' dir='ltr' id='par_1_15' title="bbox 559 4002 2758 4321">
     <span class='ocr_line' id='line_1_31' title="bbox 559 4002 2758 4107; baseline -0.006 -13"><span class='ocrx_word' id='word_1_177' title='bbox 559 4016 722 4094; x_wconf 86' lang='lat' dir='ltr'><strong>LX.</strong></span> <span class='ocrx_word' id='word_1_178' title='bbox 776 4010 988 4087; x_wconf 88' lang='lat' dir='ltr'><strong>Idem</strong></span> <span class='ocrx_word' id='word_1_179' title='bbox 1036 4029 1295 4083; x_wconf 86' lang='lat' dir='ltr'><strong>omnes</strong></span> <span class='ocrx_word' id='word_1_180' title='bbox 1337 4004 1867 4107; x_wconf 77' lang='lat' dir='ltr'><strong>praestationes</strong></span> <span class='ocrx_word' id='word_1_181' title='bbox 1891 4056 1913 4092; x_wconf 91' lang='lat'><em>‚</em></span> <span class='ocrx_word' id='word_1_182' title='bbox 1994 4016 2140 4076; x_wconf 84' lang='lat' dir='ltr'><strong>tam</strong></span> <span class='ocrx_word' id='word_1_183' title='bbox 2195 4002 2479 4106; x_wconf 82' lang='lat' dir='ltr'><strong>regales</strong></span> <span class='ocrx_word' id='word_1_184' title='bbox 2525 4030 2758 4106; x_wconf 85' lang='lat' dir='ltr'><strong>quam</strong></span> 
     </span>
     <span class='ocr_line' id='line_1_32' title="bbox 778 4105 2757 4214; baseline -0.003 -21"><span class='ocrx_word' id='word_1_185' title='bbox 778 4113 1343 4207; x_wconf 72' lang='lat' dir='ltr'><strong>ecclesiasticas,</strong></span> <span class='ocrx_word' id='word_1_186' title='bbox 1398 4114 1618 4188; x_wconf 87' lang='lat' dir='ltr'><strong>etiam</strong></span> <span class='ocrx_word' id='word_1_187' title='bbox 1669 4135 1814 4214; x_wconf 87' lang='lat' dir='ltr'><strong>pro</strong></span> <span class='ocrx_word' id='word_1_188' title='bbox 1855 4105 2291 4186; x_wconf 82' lang='lat' dir='ltr'><strong>Slauoniam</strong></span> <span class='ocrx_word' id='word_1_189' title='bbox 2312 4159 2339 4203; x_wconf 73' lang='lat'><strong>‚</strong></span> <span class='ocrx_word' id='word_1_190' title='bbox 2392 4107 2483 4196; x_wconf 83' lang='lat' dir='ltr'><strong>ad</strong></span> <span class='ocrx_word' id='word_1_191' title='bbox 2537 4109 2757 4188; x_wconf 83' lang='lat' dir='ltr'><strong>valo-</strong></span> 
     </span>
     <span class='ocr_line' id='line_1_33' title="bbox 782 4215 2291 4321; baseline -0.007 -22"><span class='ocrx_word' id='word_1_192' title='bbox 782 4250 948 4302; x_wconf 85' lang='lat' dir='ltr'><strong>rem</strong></span> <span class='ocrx_word' id='word_1_193' title='bbox 983 4247 1223 4299; x_wconf 84' lang='lat' dir='ltr'><strong>nouae</strong></span> <span class='ocrx_word' id='word_1_194' title='bbox 1261 4235 1605 4297; x_wconf 83' lang='lat' dir='ltr'><strong>monetae</strong></span> <span class='ocrx_word' id='word_1_195' title='bbox 1633 4215 1874 4320; x_wconf 74' lang='lat' dir='ltr'><strong>pendi</strong></span> <span class='ocrx_word' id='word_1_196' title='bbox 1907 4215 2291 4321; x_wconf 79' lang='lat' dir='ltr'><strong>praecipit.</strong></span> 
     </span>
    </p>
   </div>
  </div>
 </body>
</html>
