2926 4849
721 459 868 526 726

696 667 1028 749 originales
1072 668 1131 726 in
1195 667 1459 727 Archino
1517 661 1875 726 Primatiali:
1947 672 2131 747 Capsa
2194 666 2273 722 Μ.
2324 667 2493 722 nrol
2555 661 2793 720 Similes

801 778 1161 829 emanarunt
1201 769 1408 828 literae
1453 790 1488 827 a
1542 767 1775 831 Comite
1819 767 2128 830 Matthaeo
2172 767 2250 828 de
2287 763 2501 825 Paloez
2541 763 2623 822 de
2674 786 2789 821 nnn

809 867 1114 952 exigendis
1159 870 1218 929 in
1274 867 1534 954 Mikola,
1598 866 1823 930 Zakola
1866 879 1926 930 et
1967 876 2138 931 Gene
2184 870 2259 927 ab
2299 867 2502 927 iisdem
2558 870 2789 926 col-»nis

804 971 1053 1034 teloniis.
1119 973 1343 1034 Ibidem
1378 995 1492 1034 nro
1526 972 1579 1030 5.

1471 1173 1928 1248 CCCXLVl.

611 1319 857 1374 mathias
895 1321 956 1371 de
1006 1315 1211 1373 Palo'cz
1250 1315 1556 1370 Palatinus
1599 1317 2009 1370 discussionem
2052 1335 2260 1369 causae
2292 1314 2505 1366 Atheni
2552 1317 2614 1366 de
2647 1316 2783 1365 Eun

793 1424 1079 1481 prorogas.
1133 1410 1203 1464 A.
1239 1409 1394 1462 1435·

799 1520 953 1595 Nos
1000 1517 1340 1594 Matthias
1388 1518 1484 1592 de
1536 1513 1844 1606 Paloch,
1906 1519 2142 1619 Regni
2185 1517 2604 1616 Hungariae
2663 1517 2783 1587 Pa·

612 1627 926 1715 latinus,
998 1624 1254 1699 damus
1315 1651 1455 1726 pro
1527 1622 1935 1713 memoria,
1992 1621 2194 1725 quod
2258 1621 2784 1698 discussionem

609 1749 1025 1834 reportatae
1064 1732 1277 1806 seriei
1318 1728 1696 1805 cuiusdam
1730 1730 1967 1804 trinae
2023 1728 2340 1804 forensis
2380 1729 2787 1832 proclama·

612 1841 869 1931 tionis,
926 1863 1150 1936 quam
1192 1837 1399 1910 inter·
1428 1836 1896 1911 conuentum
1937 1836 2497 1910 Cruciserorum
2531 1833 2627 1908 de
2665 1835 2789 1907 Al·

613 1944 754 2038 ba,
811 1962 1101 2019 actores
1140 1943 1233 2016 ab
1290 1971 1429 2017 vna
1478 1969 1614 2044 pro
1665 1969 1817 2047 quo
1858 1941 2172 2018 Thomas
2214 1941 2574 2016 Crucifer.
2617 1967 2790 2014 cum

613 2051 1140 2154 procuratoriis
1197 2047 1425 2123 literis
1471 2047 1802 2124 eiusdem
1844 2050 2099 2140 astitit,
2157 2067 2229 2124 et
2267 2049 2464 2122 inter
2504 2047 2788 2121 Alber·

618 2175 773 2231 tum
832 2155 1063 2232 filium
1117 2154 1497 2256 Bychkele
1526 2210 1546 2247 ,
1620 2154 1714 2229 de
1771 2155 2023 2247 Ewm,
2077 2159 2156 2232 in
2207 2181 2499 2230 causam
2560 2172 2792 2229 attra-

486 2254 494 2260 ’
617 2281 858 2355 ctum,
914 2263 1008 2337 ab
1050 2262 1187 2337 alia
1235 2261 1590 2365 partibus,
1646 2261 2292 2365 compendentem,
2349 2265 2525 2335 item
2574 2257 2795 2336 Char-

620 2396 777 2446 maz
843 2370 919 2444 in
979 2370 1167 2472 Fyr,
1223 2395 1307 2443 ac
1358 2369 1672 2470 Walya‚
1733 2365 2188 2473 Stephanum
2250 2367 2523 2461 Sarzo,
2581 2364 2796 2442 Tho-

620 2504 814 2552 mam
871 2479 1045 2569 lvo,
1099 2476 1561 2568 Antonium,
1619 2476 1981 2568 Fabrum,
2040 2477 2510 2551 Dominicum
2566 2476 2797 2549 filium

622 2582 951 2656 eiusdem
987 2584 1065 2656 in
1085 2581 1361 2670 Archa,
1418 2581 1891 2684 portionibus
1925 2584 2528 2684 possessionariis‚
2592 2609 2794 2656 com·

624 2703 1040 2780 morantes,
1095 2683 1572 2786 Jobagyones
1625 2703 1702 2761 et
1750 2685 2137 2762 familiares
2187 2688 2629 2764 eorumdem
2665 2716 2799 2790 ys-

625 2792 795 2868 dem
840 2810 1157 2869 statuere
1196 2795 1671 2887 commissos,
1725 2796 1930 2869 iuxta
1966 2796 2493 2870 continentiam
2536 2799 2798 2873 litera-

619 2920 791 2974 rum
828 2898 1137 3000 Georgii
1156 2900 1455 2976 Domini
1482 2896 2037 3003 Archiepiscopi
2061 2900 2592 3003 strigoniensis
2637 2933 2804 3009 pro·

622 3012 1203 3109 rogatoriarum‚
1264 3003 1702 3111 superfactis
1739 3010 1809 3080 in
1860 3006 2087 3082 literis
2144 3007 2441 3084 Domini
2483 3012 2801 3113 Georgii

621 3113 1249 3214 proclamatoriis,
1309 3131 1383 3188 et
1430 3111 1747 3214 Capituli
1807 3111 2175 3189 Ecclesiae
2218 3113 2556 3192 Albensis
2613 3121 2803 3194 rela-

622 3219 870 3314 toriis,
927 3220 1334 3312 contentis,
1389 3221 1466 3294 in
1529 3219 1650 3294 die
1710 3220 1932 3295 medii
1992 3221 2653 3322 quadragesimae,
2712 3227 2796 3302 ad

621 3342 847 3422 quem
897 3327 1175 3402 scilicet
1226 3324 1423 3401 diem
1486 3330 1865 3402 vniuersae
1926 3353 2186 3405 causae
2247 3331 2795 3433 regnicolarum

622 3431 697 3503 in
735 3437 1014 3510 octauis
1061 3431 1239 3508 festi
1280 3432 1854 3538 Epiphaniar'um
1907 3434 2203 3510 Domini
2249 3435 2552 3512 fuerunt
2593 3465 2791 3541 pro·

618 3557 955 3641 rogatae,
1016 3540 1263 3616 faeere
1307 3538 1783 3636 tenebamur,
1838 3541 1916 3615 in
1965 3564 2120 3645 quo
2173 3546 2395 3619 etiam
2445 3543 2654 3619 idem
2716 3549 2790 3621 in

612 3667 901 3721 oausam
939 3664 1289 3725 attractus
1325 3646 1507 3722 duas
1531 3648 2240 3749 partesiudiciorum
2262 3652 2556 3753 triginta
2585 3680 2792 3728 mar·

616 3775 865 3827 earum
923 3753 1311 3857 dupplatas
1359 3755 1613 3847 nobiS‚
1682 3773 1755 3829 et
1804 3755 2094 3831 tertiam
2140 3776 2423 3860 partem
2465 3783 2787 3835 eorum-

606 3853 776 3931 dem
834 3860 992 3934 sine
1049 3858 1374 3967 dupplO,
1437 3864 1624 3964 parti
1682 3859 2030 3937 aduersae
2092 3865 2519 3977 persoluere
2587 3884 2791 3943 tene-

606 3960 923 4055 bantur,
977 3965 1074 4043 de
1138 3970 1454 4071 partium
1515 3968 1937 4059 voluntate,
1997 3970 2090 4045 ad
2136 3986 2436 4059 octauas
2483 3974 2665 4050 festi
2719 3980 2790 4051 B.

596 4070 860 4145 Jacobi
898 4074 1240 4177 Apostoli
1283 4101 1483 4150 nunc
1523 4077 1855 4163 venturi,
1914 4078 2126 4151 simul
2169 4094 2337 4153 cum
2387 4078 2609 4158 dietis
2645 4083 2788 4157 Ju-

554 4173 808 4263 fdiciis
851 4184 1069 4279 partis
1112 4180 1463 4255 aduersae
1513 4208 1651 4256 vna
1695 4210 1858 4256 cum
1919 4183 2382 4286 portionibus
2420 4185 2789 4291 dupplatis
