2926 4849
2124 490 2268 559 775

190 680 406 777 rum,
465 685 640 764 inibi
674 714 813 793 pro
858 703 1034 766 tunc
1098 687 1188 764 ad
1245 686 1749 796 rumpendum.
1780 717 2080 785 muros,
2135 711 2361 796 atque

183 807 477 886 turres,
531 796 756 899 ipsius
801 799 1018 872 castri
1052 795 1507 890 habitarum,
1538 824 1853 902 quarum
1898 826 2117 874 vnam
2152 826 2364 902 gran·
2450 866 2455 871 ,

181 896 482 974 diorem
526 902 841 1007 ipsemet
872 906 1137 979 Comes
1175 901 1595 1009 Stephanus
1637 908 1978 1009 regebat,
2031 924 2107 981 et
2144 932 2238 981 ex
2277 933 2367 991 ea

181 1007 599 1107 sagittando
658 1023 896 1085 certas
955 1010 1288 1086 eiusdem
1349 1014 1589 1091 castri
1628 1027 1874 1089 turres
1925 1014 2003 1087 in
2053 1012 2370 1103 notabili

183 1129 403 1215 parte
436 1117 683 1220 rupit;
713 1120 791 1192 in
826 1114 1178 1193 conflictu
1229 1118 1449 1193 etiam
1491 1144 1661 1193 cum
1698 1122 1871 1221 ipsis
1888 1120 2189 1211 Tarnis,
2230 1120 2361 1222 qui

177 1216 404 1294 nobis
432 1243 598 1299 cum
639 1241 896 1300 nostro
928 1223 1261 1323 exercitu
1314 1224 1409 1299 ab
1468 1223 1857 1317 obsidione
1909 1223 2087 1301 dicti
2125 1226 2363 1302 Castri

159 1324 632 1417 :Galambocz
672 1330 948 1433 treugis
972 1333 1171 1433 pacis
1204 1332 1397 1409 inter
1431 1357 1568 1407 nos
1601 1347 1677 1406 et
1711 1331 2027 1407 Omorat
2063 1357 2361 1408 eorum·-

177 1428 358 1506 dem
411 1434 833 1513 Turcorum
891 1439 1295 1512 Dominum
1359 1436 1802 1539 praehabitis
1873 1455 1950 1515 et
2018 1436 2363 1529 firmatis,

173 1542 776 1633 remanentibus,
856 1569 1067 1619 secus
1114 1541 1588 1634 Danubium,
1640 1544 1842 1619 acin
1895 1545 2053 1620 eius
2108 1546 2360 1620 littore

175 1669 336 1718 non
370 1644 592 1750 longe
635 1649 728 1723 ab
771 1651 932 1751 ipso
983 1663 1224 1725 castro
1266 1649 1721 1743 iocantibus,
1747 1667 1824 1724 et
1863 1650 2093 1739 vltra,
2122 1653 2363 1751 ipsum

171 1751 608 1836 Danubium
630 1753 915 1858 absque
952 1755 1091 1829 vlla
1123 1751 1515 1831 formidine
1558 1755 1651 1829 ad
1690 1775 1935 1858 partes
1974 1760 2188 1859 regni
2229 1785 2363 1832 no·

171 1856 314 1931 stri
352 1859 768 1965 Hungariae
805 1861 1275 1947 transfretare
1324 1861 1778 1956 volentibus,
1834 1862 2035 1938 idem
2085 1864 2361 1939 Comes

173 1960 595 2069 Stephanus
661 1994 833 2044 oum
887 1969 1039 2044 suis
1071 1994 1074 1998 ’
1110 1986 1405 2045 nostrae
1476 1967 1883 2066 Maiestatis.
1927 1994 2359 2070 personam,

172 2085 359 2145 tune
404 2098 582 2173 prae
621 2077 956 2151 maximis
990 2073 1373 2151 laboribus
1421 2093 1500 2151 et
1526 2071 1802 2175 fatigiis
1849 2076 2157 2151 nimium
2201 2076 2359 2155 ,las-

175 2191 451 2271 satam,
537 2180 628 2256 ad
720 2207 984 2258 nauem
1051 2198 1424 2272 nostram,
1516 2198 1697 2255 tune
1776 2182 1960 2255 inibi
2037 2180 2359 2259 habitam

174 2283 635 2382 introduxit,
729 2306 806 2364 et
878 2287 1021 2363 nisi
1083 2289 1242 2363 eius
1305 2285 1616 2390 vigilans
1693 2280 2051 2362 adfuisset
2114 2285 2361 2390 soler-

176 2392 325 2480 tia,
379 2393 453 2465 in
498 2419 759 2470 manus
819 2393 1126 2471 forsitan
1185 2410 1615 2490 nostrorum
1671 2389 2171 2470 incidissemus
2219 2419 2361 2491 >ae-

173 2496 592 2595 mulorum3
684 2501 999 2606 ipsemet
1047 2523 1231 2577 vero
1285 2500 1556 2590 Comes
1622 2498 2040 2604 Stephanus
2099 2503 2174 2576 in
2212 2498 2357 2602 ,hu-

171 2604 493 2680 iusmodi
534 2622 789 2684 nostro
819 2608 906 2682 ad
950 2631 1221 2684 nauem
1258 2632 1566 2681 ascensu
1604 2606 2038 2701 etintroitu,
2073 2610 2355 2709 insper-

169 2737 549 2814 sonaeque
575 2732 872 2791 nostrae
920 2713 1350 2804 defensione
1383 2716 1461 2788 in
1507 2739 1776 2816 aquam
1799 2712 2069 2804 cadens
2109 2714 2354 2788 Danu-

171 2818 319 2911 bii,
375 2823 616 2902 taiiter
659 2823 1002 2896 extiterat
1051 2819 1470 2914 demersus,
1527 2818 1737 2922 quod
1779 2820 1840 2894 si
1896 2845 2032 2925 per
2102 2837 2351 2896 certos

165 2942 461 3012 nostros
493 2925 745 3004 fideles
787 2928 1034 3002 statim
1071 2951 1167 3000 ex
1203 2928 1363 3025 ipsa
1392 2950 1587 3026 aqua
1631 2941 1930 3027 ereptus
1962 2952 2117 3000 non
2163 2926 2354 2999 fuis-

164 3046 321 3123 set,
377 3035 636 3135 vtique
666 3032 941 3109 ibidem
999 3029 1255 3107 fuisset
1308 3029 1748 3123 suffocatus,
1805 3046 1886 3106 et
1937 3032 2349 3128 extinctus3

166 3136 390 3225 nobis
461 3158 538 3217 et
602 3166 816 3216 sacro
883 3137 1160 3229 fnostro
1252 3133 1647 3214 diademati
1731 3136 1940 3237 regio
1976 3191 2005 3227 ,
2096 3153 2354 3232 nostro
2428 3185 2431 3198 2

161 3269 463 3349 semper
519 3247 729 3338 lateri
780 3244 1249 3322 adhaerendo
1288 3300 1308 3329 ,
1413 3268 1780 3349 personae
1831 3269 1921 3318 ac
1991 3244 2219 3320 rebus
2272 3258 2353 3319 et

163 3368 247 3425 et
289 3350 511 3429 bonis
547 3352 699 3428 suis
730 3381 882 3432 non
919 3350 1294 3457 parcendo
1315 3406 1339 3443 ‚
1390 3348 1528 3425 sed
1555 3376 1634 3424 se
1670 3369 1746 3427 et
1781 3378 1909 3427 sua
1941 3377 2080 3454 pro
2117 3353 2347 3426 nostri

163 3453 979 3537 honores-exaltatione
1013 3460 1324 3537 diuersis
1355 3454 1699 3533 fortunae
1733 3455 2067 3549 casibus,
2109 3473 2186 3531 et
2219 3456 2351 3529 im-

162 3566 624 3643 minentibus
677 3566 1025 3669 periculis
1078 3563 1564 3669 exponendo.
1620 3562 2089 3643 laudabiliter
2134 3563 2350 3637 exhi-

164 3670 346 3746 bitis
376 3690 456 3748 et
493 3673 890 3778 impensis3
950 3674 1286 3748 volentes
1319 3688 1709 3775 praetextu
1764 3674 2352 3775 praemissorum

166 3778 420 3881 ipsum
469 3780 829 3856 Comitem
864 3776 1324 3883 Stephanum
1371 3794 1631 3853 nostro
1684 3779 1950 3853 fauore
1995 3778 2354 3880 prosequi

165 3886 491 3989 gratioso
515 3941 534 3970 .
590 3885 945 3990 quasdam
985 3887 1480 3989 possessiones
1540 3883 1628 3956 Τ.
1681 3886 1767 3959 Τ.
1828 3884 1916 3959 Τ.
1967 3884 2053 3956 Τ.
2109 3881 2197 3974 Τ.
2255 3880 2383 3955 Τ.’

139 4009 500 4083 Νυσαῖος,
556 4017 739 4095 quas
767 3993 1323 4095 aliastanquam
1349 3988 1443 4064 ad
1487 4014 1745 4069 manus
1790 4007 2089 4066 nostras
2110 3988 2352 4090 regias

167 4101 390 4175 oertis
413 4114 491 4175 et
523 4097 1001 4176 rationalibus
1039 4122 1133 4173 ex
1174 4098 1447 4190 causis,
1490 4113 1563 4168 vt
1604 4094 2070 4201 praefertur,
2123 4092 2349 4174 deuo-
2452 4178 2458 4191 Ι
