<?xml version="1.0" encoding="UTF-8"?>
<!DOCTYPE html PUBLIC "-//W3C//DTD XHTML 1.0 Transitional//EN"
    "http://www.w3.org/TR/xhtml1/DTD/xhtml1-transitional.dtd">
<html xmlns="http://www.w3.org/1999/xhtml" xml:lang="en" lang="en">
 <head>
  <title>
</title>
<meta http-equiv="Content-Type" content="text/html;charset=utf-8" />
  <meta name='ocr-system' content='tesseract 3.04.00' />
  <meta name='ocr-capabilities' content='ocr_page ocr_carea ocr_par ocr_line ocrx_word'/>
</head>
<body>
  <div class='ocr_page' id='page_1' title='image "./codexdiplomatic00fejgoog_0856.png"; bbox 0 0 2926 4849; ppageno 0'>
   <div class='ocr_carea' id='block_1_1' title="bbox 695 490 2801 2612">
    <p class='ocr_par' dir='ltr' id='par_1_1' title="bbox 695 490 2801 2612">
     <span class='ocr_line' id='line_1_1' title="bbox 814 490 967 569; baseline -0.039 -1"><span class='ocrx_word' id='word_1_1' title='bbox 814 490 967 569; x_wconf 76' lang='lat'>836</span> 
     </span>
     <span class='ocr_line' id='line_1_2' title="bbox 702 693 2801 799; baseline -0.004 -22"><span class='ocrx_word' id='word_1_2' title='bbox 702 697 931 778; x_wconf 83' lang='lat' dir='ltr'>homo</span> <span class='ocrx_word' id='word_1_3' title='bbox 959 693 1396 792; x_wconf 65' lang='lat' dir='ltr'><strong>palatinalis,</strong></span> <span class='ocrx_word' id='word_1_4' title='bbox 1410 693 1620 772; x_wconf 89' lang='lat' dir='ltr'>dicto</span> <span class='ocrx_word' id='word_1_5' title='bbox 1650 707 1913 773; x_wconf 83' lang='lat' dir='ltr'>nostro</span> <span class='ocrx_word' id='word_1_6' title='bbox 1939 707 2187 772; x_wconf 82' lang='lat' dir='ltr'>vestro</span> <span class='ocrx_word' id='word_1_7' title='bbox 2223 696 2635 772; x_wconf 86' lang='lat' dir='ltr'>testimonio</span> <span class='ocrx_word' id='word_1_8' title='bbox 2667 720 2801 799; x_wconf 74' lang='lat' dir='ltr'>prae·</span> 
     </span>
     <span class='ocr_line' id='line_1_3' title="bbox 697 797 2800 911; baseline -0.005 -26"><span class='ocrx_word' id='word_1_9' title='bbox 697 825 906 885; x_wconf 85' lang='lat' dir='ltr'>sente</span> <span class='ocrx_word' id='word_1_10' title='bbox 931 859 954 898; x_wconf 91' lang='lat'>,</span> <span class='ocrx_word' id='word_1_11' title='bbox 1009 802 1436 911; x_wconf 84' lang='lat' dir='ltr'>praefatum</span> <span class='ocrx_word' id='word_1_12' title='bbox 1489 804 1964 903; x_wconf 75' lang='lat' dir='ltr'>conuentum</span> <span class='ocrx_word' id='word_1_13' title='bbox 2010 797 2572 879; x_wconf 77' lang='lat' dir='ltr'>cruciferorum</span> <span class='ocrx_word' id='word_1_14' title='bbox 2622 801 2800 876; x_wconf 83' lang='lat' dir='ltr'>Eccle-</span> 
     </span>
     <span class='ocr_line' id='line_1_4' title="bbox 697 905 2798 1015; baseline -0.005 -25"><span class='ocrx_word' id='word_1_15' title='bbox 697 916 850 991; x_wconf 89' lang='lat' dir='ltr'>siae</span> <span class='ocrx_word' id='word_1_16' title='bbox 886 913 1098 990; x_wconf 80' lang='lat' dir='ltr'><strong>Beati</strong></span> <span class='ocrx_word' id='word_1_17' title='bbox 1130 911 1325 1015; x_wconf 84' lang='lat' dir='ltr'>regis</span> <span class='ocrx_word' id='word_1_18' title='bbox 1362 908 1769 1015; x_wconf 81' lang='lat' dir='ltr'><strong>Stephani,</strong></span> <span class='ocrx_word' id='word_1_19' title='bbox 1814 906 1911 985; x_wconf 91' lang='lat' dir='ltr'>de</span> <span class='ocrx_word' id='word_1_20' title='bbox 1959 907 2162 984; x_wconf 87' lang='lat' dir='ltr'>Alba</span> <span class='ocrx_word' id='word_1_21' title='bbox 2206 907 2287 983; x_wconf 90' lang='lat' dir='ltr'>in</span> <span class='ocrx_word' id='word_1_22' title='bbox 2321 906 2703 986; x_wconf 85' lang='lat' dir='ltr'>dominium</span> <span class='ocrx_word' id='word_1_23' title='bbox 2729 905 2798 980; x_wconf 81' lang='lat' dir='ltr'>di·</span> 
     </span>
     <span class='ocr_line' id='line_1_5' title="bbox 699 1012 2797 1124; baseline -0.002 -27"><span class='ocrx_word' id='word_1_24' title='bbox 699 1037 862 1097; x_wconf 89' lang='lat' dir='ltr'>ctae</span> <span class='ocrx_word' id='word_1_25' title='bbox 902 1017 1382 1124; x_wconf 73' lang='lat' dir='ltr'>possessionis</span> <span class='ocrx_word' id='word_1_26' title='bbox 1419 1012 1673 1113; x_wconf 85' lang='lat' dir='ltr'>Archa</span> <span class='ocrx_word' id='word_1_27' title='bbox 1718 1013 2255 1092; x_wconf 83' lang='lat' dir='ltr'>introduxisset</span> <span class='ocrx_word' id='word_1_28' title='bbox 2279 1070 2302 1109; x_wconf 91' lang='lat'>,</span> <span class='ocrx_word' id='word_1_29' title='bbox 2375 1018 2797 1119; x_wconf 74' lang='lat' dir='ltr'>statuissetqoe</span> 
     </span>
     <span class='ocr_line' id='line_1_6' title="bbox 699 1121 2797 1226; baseline -0.002 -24"><span class='ocrx_word' id='word_1_30' title='bbox 699 1125 1013 1203; x_wconf 85' lang='lat' dir='ltr'>eandem</span> <span class='ocrx_word' id='word_1_31' title='bbox 1052 1122 1298 1201; x_wconf 90' lang='lat' dir='ltr'>eidem</span> <span class='ocrx_word' id='word_1_32' title='bbox 1335 1150 1511 1201; x_wconf 90' lang='lat' dir='ltr'>cum</span> <span class='ocrx_word' id='word_1_33' title='bbox 1545 1121 1898 1199; x_wconf 86' lang='lat' dir='ltr'>omnibus</span> <span class='ocrx_word' id='word_1_34' title='bbox 1936 1122 2085 1199; x_wconf 86' lang='lat' dir='ltr'>suis</span> <span class='ocrx_word' id='word_1_35' title='bbox 2121 1122 2561 1202; x_wconf 81' lang='lat' dir='ltr'>vtilitatibus</span> <span class='ocrx_word' id='word_1_36' title='bbox 2595 1139 2660 1199; x_wconf 84' lang='lat' dir='ltr'>et</span> <span class='ocrx_word' id='word_1_37' title='bbox 2699 1147 2797 1226; x_wconf 83' lang='lat' dir='ltr'>per·</span> 
     </span>
     <span class='ocr_line' id='line_1_7' title="bbox 700 1227 2792 1334; baseline -0.003 -24"><span class='ocrx_word' id='word_1_38' title='bbox 700 1233 1028 1310; x_wconf 84' lang='lat' dir='ltr'>tinentiis</span> <span class='ocrx_word' id='word_1_39' title='bbox 1072 1232 1501 1326; x_wconf 79' lang='lat' dir='ltr'>vniuersis,-</span> <span class='ocrx_word' id='word_1_40' title='bbox 1544 1230 1711 1305; x_wconf 80' lang='lat' dir='ltr'>iure</span> <span class='ocrx_word' id='word_1_41' title='bbox 1779 1227 1918 1334; x_wconf 86' lang='lat' dir='ltr'>ipsi</span> <span class='ocrx_word' id='word_1_42' title='bbox 1970 1229 2482 1325; x_wconf 81' lang='lat' dir='ltr'>incumbenti,</span> <span class='ocrx_word' id='word_1_43' title='bbox 2534 1246 2792 1334; x_wconf 82' lang='lat' dir='ltr'>perpetuo</span> 
     </span>
     <span class='ocr_line' id='line_1_8' title="bbox 695 1335 2792 1448; baseline -0.003 -30"><span class='ocrx_word' id='word_1_44' title='bbox 695 1338 1262 1448; x_wconf 75' lang='lat' dir='ltr'>possidendam,</span> <span class='ocrx_word' id='word_1_45' title='bbox 1318 1336 1527 1412; x_wconf 92' lang='lat' dir='ltr'>nullo</span> <span class='ocrx_word' id='word_1_46' title='bbox 1569 1337 1864 1441; x_wconf 85' lang='lat' dir='ltr'>penitus</span> <span class='ocrx_word' id='word_1_47' title='bbox 1900 1335 2457 1414; x_wconf 81' lang='lat' dir='ltr'>contradictore</span> <span class='ocrx_word' id='word_1_48' title='bbox 2510 1338 2677 1413; x_wconf 84' lang='lat' dir='ltr'>inibi</span> <span class='ocrx_word' id='word_1_49' title='bbox 2712 1361 2792 1437; x_wconf 75' lang='lat' dir='ltr'>zp-</span> 
     </span>
     <span class='ocr_line' id='line_1_9' title="bbox 698 1441 2783 1554; baseline -0.003 -32"><span class='ocrx_word' id='word_1_50' title='bbox 698 1464 1006 1554; x_wconf 87' lang='lat' dir='ltr'>parente</span> <span class='ocrx_word' id='word_1_51' title='bbox 1029 1500 1053 1541; x_wconf 90' lang='lat'>,</span> <span class='ocrx_word' id='word_1_52' title='bbox 1105 1444 1452 1548; x_wconf 81' lang='lat' dir='ltr'>legitimis</span> <span class='ocrx_word' id='word_1_53' title='bbox 1493 1457 1742 1518; x_wconf 87' lang='lat' dir='ltr'>tamen</span> <span class='ocrx_word' id='word_1_54' title='bbox 1781 1442 2048 1520; x_wconf 88' lang='lat' dir='ltr'>diebus</span> <span class='ocrx_word' id='word_1_55' title='bbox 2090 1462 2170 1520; x_wconf 89' lang='lat' dir='ltr'>et</span> <span class='ocrx_word' id='word_1_56' title='bbox 2204 1442 2412 1522; x_wconf 79' lang='lat' dir='ltr'>horis</span> <span class='ocrx_word' id='word_1_57' title='bbox 2446 1446 2525 1520; x_wconf 89' lang='lat' dir='ltr'>in</span> <span class='ocrx_word' id='word_1_58' title='bbox 2565 1441 2783 1521; x_wconf 67' lang='lat' dir='ltr'>facieti-</span> 
     </span>
     <span class='ocr_line' id='line_1_10' title="bbox 697 1546 2783 1657; baseline -0.003 -27"><span class='ocrx_word' id='word_1_59' title='bbox 697 1570 861 1631; x_wconf 76' lang='lat' dir='ltr'>ctae</span> <span class='ocrx_word' id='word_1_60' title='bbox 894 1555 1377 1657; x_wconf 87' lang='lat' dir='ltr'>possessionis</span> <span class='ocrx_word' id='word_1_61' title='bbox 1409 1546 1670 1627; x_wconf 87' lang='lat' dir='ltr'>Archa</span> <span class='ocrx_word' id='word_1_62' title='bbox 1689 1575 1979 1626; x_wconf 88' lang='lat' dir='ltr'>moram</span> <span class='ocrx_word' id='word_1_63' title='bbox 2014 1556 2446 1629; x_wconf 87' lang='lat' dir='ltr'>continuam</span> <span class='ocrx_word' id='word_1_64' title='bbox 2469 1547 2783 1629; x_wconf 63' lang='lat' dir='ltr'>conuallem</span> 
     </span>
     <span class='ocr_line' id='line_1_11' title="bbox 695 1656 2789 1766; baseline -0.003 -28"><span class='ocrx_word' id='word_1_65' title='bbox 695 1663 780 1738; x_wconf 90' lang='lat' dir='ltr'>In</span> <span class='ocrx_word' id='word_1_66' title='bbox 822 1665 1033 1736; x_wconf 87' lang='lat' dir='ltr'>cuius</span> <span class='ocrx_word' id='word_1_67' title='bbox 1074 1663 1187 1737; x_wconf 90' lang='lat' dir='ltr'>rei</span> <span class='ocrx_word' id='word_1_68' title='bbox 1227 1657 1668 1734; x_wconf 86' lang='lat' dir='ltr'>memoriam</span> <span class='ocrx_word' id='word_1_69' title='bbox 1693 1711 1716 1752; x_wconf 91' lang='lat'><strong>,</strong></span> <span class='ocrx_word' id='word_1_70' title='bbox 1783 1656 2360 1761; x_wconf 84' lang='lat' dir='ltr'>firmitatemque</span> <span class='ocrx_word' id='word_1_71' title='bbox 2412 1674 2789 1766; x_wconf 77' lang='lat' dir='ltr'>perpetum,</span> 
     </span>
     <span class='ocr_line' id='line_1_12' title="bbox 696 1761 2791 1873; baseline -0.005 -29"><span class='ocrx_word' id='word_1_72' title='bbox 696 1785 1126 1872; x_wconf 81' lang='lat' dir='ltr'>praesentes</span> <span class='ocrx_word' id='word_1_73' title='bbox 1182 1767 1434 1842; x_wconf 82' lang='lat' dir='ltr'>literas</span> <span class='ocrx_word' id='word_1_74' title='bbox 1483 1761 1778 1841; x_wconf 73' lang='lat' dir='ltr'>nostras</span> <span class='ocrx_word' id='word_1_75' title='bbox 1831 1764 2324 1869; x_wconf 81' lang='lat' dir='ltr'>priuilegiales</span> <span class='ocrx_word' id='word_1_76' title='bbox 2376 1765 2720 1873; x_wconf 75' lang='lat' dir='ltr'>pendentis</span> <span class='ocrx_word' id='word_1_77' title='bbox 2751 1774 2791 1834; x_wconf 65' lang='lat' dir='ltr'>a</span> 
     </span>
     <span class='ocr_line' id='line_1_13' title="bbox 696 1868 2788 1977; baseline -0.003 -27"><span class='ocrx_word' id='word_1_78' title='bbox 696 1871 1101 1950; x_wconf 78' lang='lat' dir='ltr'>authentici</span> <span class='ocrx_word' id='word_1_79' title='bbox 1161 1871 1381 1977; x_wconf 84' lang='lat' dir='ltr'>sigilli</span> <span class='ocrx_word' id='word_1_80' title='bbox 1434 1872 1673 1948; x_wconf 89' lang='lat' dir='ltr'>nostri</span> <span class='ocrx_word' id='word_1_81' title='bbox 1730 1871 2139 1948; x_wconf 89' lang='lat' dir='ltr'>munimine</span> <span class='ocrx_word' id='word_1_82' title='bbox 2203 1872 2592 1951; x_wconf 86' lang='lat' dir='ltr'>roboratas</span> <span class='ocrx_word' id='word_1_83' title='bbox 2639 1868 2788 1946; x_wconf 73' lang='lat' dir='ltr'>eidem</span> 
     </span>
     <span class='ocr_line' id='line_1_14' title="bbox 699 1970 2787 2058; baseline -0.005 0"><span class='ocrx_word' id='word_1_84' title='bbox 699 1981 1126 2058; x_wconf 87' lang='lat' dir='ltr'>Conuentui</span> <span class='ocrx_word' id='word_1_85' title='bbox 1170 1977 1524 2054; x_wconf 84' lang='lat' dir='ltr'>duximus</span> <span class='ocrx_word' id='word_1_86' title='bbox 1572 1976 2114 2055; x_wconf 87' lang='lat' dir='ltr'>concedendas.</span> <span class='ocrx_word' id='word_1_87' title='bbox 2199 1980 2482 2058; x_wconf 90' lang='lat' dir='ltr'>Datum</span> <span class='ocrx_word' id='word_1_88' title='bbox 2529 1979 2674 2057; x_wconf 84' lang='lat' dir='ltr'>XX.</span> <span class='ocrx_word' id='word_1_89' title='bbox 2704 1970 2787 2048; x_wconf 72' lang='lat' dir='ltr'>dia·</span> 
     </span>
     <span class='ocr_line' id='line_1_15' title="bbox 696 2082 2780 2193; baseline -0.003 -27"><span class='ocrx_word' id='word_1_90' title='bbox 696 2087 1222 2166; x_wconf 87' lang='lat' dir='ltr'>itroductionis</span> <span class='ocrx_word' id='word_1_91' title='bbox 1298 2103 1377 2161; x_wconf 89' lang='lat' dir='ltr'>et</span> <span class='ocrx_word' id='word_1_92' title='bbox 1435 2083 1850 2161; x_wconf 81' lang='lat' dir='ltr'>statutionis</span> <span class='ocrx_word' id='word_1_93' title='bbox 1917 2087 2569 2193; x_wconf 87' lang='lat' dir='ltr'>praescriptarum.</span> <span class='ocrx_word' id='word_1_94' title='bbox 2650 2082 2780 2159; x_wconf 77' lang='lat' dir='ltr'><strong>Anno</strong></span> 
     </span>
     <span class='ocr_line' id='line_1_16' title="bbox 696 2187 2778 2298; baseline 0.001 -25"><span class='ocrx_word' id='word_1_95' title='bbox 696 2195 1009 2273; x_wconf 90' lang='lat' dir='ltr'>Domini</span> <span class='ocrx_word' id='word_1_96' title='bbox 1044 2189 1503 2298; x_wconf 88' lang='lat' dir='ltr'>supradicto.</span> <span class='ocrx_word' id='word_1_97' title='bbox 1559 2190 1781 2269; x_wconf 86' lang='lat' dir='ltr'>Sedis</span> <span class='ocrx_word' id='word_1_98' title='bbox 1811 2187 2294 2297; x_wconf 84' lang='lat' dir='ltr'>Apostolicae</span> <span class='ocrx_word' id='word_1_99' title='bbox 2328 2190 2778 2276; x_wconf 68' lang='lat' dir='ltr'>protonotarios</span> 
     </span>
     <span class='ocr_line' id='line_1_17' title="bbox 701 2296 2779 2396; baseline -0.001 -18"><span class='ocrx_word' id='word_1_100' title='bbox 701 2303 1032 2378; x_wconf 89' lang='lat' dir='ltr'>Domino</span> <span class='ocrx_word' id='word_1_101' title='bbox 1070 2317 1147 2377; x_wconf 89' lang='lat' dir='ltr'>et</span> <span class='ocrx_word' id='word_1_102' title='bbox 1179 2298 1527 2376; x_wconf 88' lang='lat' dir='ltr'>Praelato</span> <span class='ocrx_word' id='word_1_103' title='bbox 1557 2296 1873 2396; x_wconf 88' lang='lat' dir='ltr'>Nostro,</span> <span class='ocrx_word' id='word_1_104' title='bbox 1911 2297 2089 2375; x_wconf 89' lang='lat' dir='ltr'>Rdo</span> <span class='ocrx_word' id='word_1_105' title='bbox 2131 2299 2212 2374; x_wconf 89' lang='lat' dir='ltr'>in</span> <span class='ocrx_word' id='word_1_106' title='bbox 2243 2302 2406 2379; x_wconf 85' lang='lat' dir='ltr'>Xto</span> <span class='ocrx_word' id='word_1_107' title='bbox 2440 2302 2665 2390; x_wconf 84' lang='lat' dir='ltr'>Patre,</span> <span class='ocrx_word' id='word_1_108' title='bbox 2700 2296 2779 2368; x_wconf 74' lang='lat' dir='ltr'>Do·</span> 
     </span>
     <span class='ocr_line' id='line_1_18' title="bbox 701 2397 2774 2512; baseline -0.003 -26"><span class='ocrx_word' id='word_1_109' title='bbox 701 2409 911 2486; x_wconf 89' lang='lat' dir='ltr'>mino</span> <span class='ocrx_word' id='word_1_110' title='bbox 955 2405 1365 2485; x_wconf 86' lang='lat' dir='ltr'>Benedicto</span> <span class='ocrx_word' id='word_1_111' title='bbox 1415 2404 1896 2512; x_wconf 87' lang='lat' dir='ltr'>Praeposito,</span> <span class='ocrx_word' id='word_1_112' title='bbox 1952 2405 2128 2483; x_wconf 89' lang='lat' dir='ltr'>item</span> <span class='ocrx_word' id='word_1_113' title='bbox 2169 2404 2689 2486; x_wconf 81' lang='lat' dir='ltr'>honorabilibus</span> <span class='ocrx_word' id='word_1_114' title='bbox 2720 2397 2774 2470; x_wconf 64' lang='grc' dir='ltr'>τί·</span> 
     </span>
     <span class='ocr_line' id='line_1_19' title="bbox 704 2503 2772 2612; baseline -0.003 -21"><span class='ocrx_word' id='word_1_115' title='bbox 704 2519 849 2612; x_wconf 92' lang='lat' dir='ltr'>ris,</span> <span class='ocrx_word' id='word_1_116' title='bbox 928 2515 1276 2591; x_wconf 88' lang='lat' dir='ltr'>Dominis</span> <span class='ocrx_word' id='word_1_117' title='bbox 1328 2513 1676 2600; x_wconf 80' lang='lat' dir='ltr'>Emerico</span> <span class='ocrx_word' id='word_1_118' title='bbox 1728 2512 2093 2606; x_wconf 86' lang='lat' dir='ltr'>Cantore,</span> <span class='ocrx_word' id='word_1_119' title='bbox 2146 2515 2464 2594; x_wconf 84' lang='lat' dir='ltr'>Andrea</span> <span class='ocrx_word' id='word_1_120' title='bbox 2522 2503 2772 2592; x_wconf 64' lang='lat' dir='ltr'>Custode,</span> 
     </span>
    </p>
   </div>
   <div class='ocr_carea' id='block_1_2' title="bbox 702 2618 2768 2844">
    <p class='ocr_par' dir='ltr' id='par_1_2' title="bbox 702 2618 2768 2844">
     <span class='ocr_line' id='line_1_20' title="bbox 702 2618 2768 2728; baseline -0.002 -32"><span class='ocrx_word' id='word_1_121' title='bbox 702 2619 1085 2728; x_wconf 85' lang='lat' dir='ltr'>Stephano</span> <span class='ocrx_word' id='word_1_122' title='bbox 1142 2618 1240 2695; x_wconf 80' lang='lat' dir='ltr'>dc</span> <span class='ocrx_word' id='word_1_123' title='bbox 1287 2620 1602 2696; x_wconf 87' lang='lat' dir='ltr'>Nezmel</span> <span class='ocrx_word' id='word_1_124' title='bbox 1643 2636 1722 2696; x_wconf 91' lang='lat' dir='ltr'>et</span> <span class='ocrx_word' id='word_1_125' title='bbox 1762 2619 2179 2697; x_wconf 90' lang='lat' dir='ltr'>Benedicto</span> <span class='ocrx_word' id='word_1_126' title='bbox 2214 2622 2315 2700; x_wconf 90' lang='lat' dir='ltr'>de</span> <span class='ocrx_word' id='word_1_127' title='bbox 2360 2623 2588 2720; x_wconf 83' lang='lat' dir='ltr'>Pada‚</span> <span class='ocrx_word' id='word_1_128' title='bbox 2632 2618 2768 2692; x_wconf 57' lang='lat' dir='ltr'>Dm</span> 
     </span>
     <span class='ocr_line' id='line_1_21' title="bbox 703 2721 2683 2844; baseline -0.002 -39"><span class='ocrx_word' id='word_1_129' title='bbox 703 2730 818 2805; x_wconf 89' lang='lat' dir='ltr'>nis</span> <span class='ocrx_word' id='word_1_130' title='bbox 859 2724 1234 2844; x_wconf 76' lang='lat' dir='ltr'>Ecclesiae</span> <span class='ocrx_word' id='word_1_131' title='bbox 1271 2741 1566 2801; x_wconf 88' lang='lat' dir='ltr'>nostrae</span> <span class='ocrx_word' id='word_1_132' title='bbox 1607 2726 2170 2805; x_wconf 81' lang='lat' dir='ltr'>existentibus.“</span> <span class='ocrx_word' id='word_1_133' title='bbox 2227 2731 2315 2807; x_wconf 81' lang='lat' dir='ltr'>L.</span> <span class='ocrx_word' id='word_1_134' title='bbox 2374 2729 2459 2809; x_wconf 84' lang='lat' dir='ltr'>S.</span> <span class='ocrx_word' id='word_1_135' title='bbox 2513 2721 2683 2837; x_wconf 81' lang='lat' dir='ltr'>pand.</span> 
     </span>
    </p>
   </div>
   <div class='ocr_carea' id='block_1_3' title="bbox 793 2854 1209 2945">
    <p class='ocr_par' dir='ltr' id='par_1_3' title="bbox 793 2854 1209 2945">
     <span class='ocr_line' id='line_1_22' title="bbox 793 2854 1209 2945; baseline -0.007 -22"><span class='ocrx_word' id='word_1_136' title='bbox 793 2863 882 2923; x_wconf 84' lang='lat' dir='ltr'>Ex</span> <span class='ocrx_word' id='word_1_137' title='bbox 913 2854 1209 2945; x_wconf 78' lang='lat' dir='ltr'>originali·</span> 
     </span>
    </p>
   </div>
   <div class='ocr_carea' id='block_1_4' title="bbox 1627 3015 1968 3101">
    <p class='ocr_par' dir='ltr' id='par_1_4' title="bbox 1627 3015 1968 3101">
     <span class='ocr_line' id='line_1_23' title="bbox 1627 3015 1968 3101; baseline 0.006 -4"><span class='ocrx_word' id='word_1_138' title='bbox 1627 3015 1968 3101; x_wconf 85' lang='lat' dir='ltr'>cDxm.</span> 
     </span>
    </p>
   </div>
   <div class='ocr_carea' id='block_1_5' title="bbox 683 3154 2791 4335">
    <p class='ocr_par' dir='ltr' id='par_1_5' title="bbox 712 3154 2766 3239">
     <span class='ocr_line' id='line_1_24' title="bbox 712 3154 2766 3239; baseline 0.002 -17"><span class='ocrx_word' id='word_1_139' title='bbox 712 3165 859 3219; x_wconf 75' lang='lat' dir='ltr'>Idem</span> <span class='ocrx_word' id='word_1_140' title='bbox 911 3164 1235 3234; x_wconf 74' lang='lat' dir='ltr'>Capitulum</span> <span class='ocrx_word' id='word_1_141' title='bbox 1275 3169 1633 3239; x_wconf 70' lang='lat' dir='ltr'>prwniuas</span> <span class='ocrx_word' id='word_1_142' title='bbox 1686 3166 1894 3223; x_wconf 71' lang='lat' dir='ltr'>literas</span> <span class='ocrx_word' id='word_1_143' title='bbox 1934 3169 2390 3229; x_wconf 66' lang='lat' dir='ltr'>meiemonalu</span> <span class='ocrx_word' id='word_1_144' title='bbox 2427 3164 2709 3229; x_wconf 58' lang='lat' dir='ltr'>named&amp;-</span> <span class='ocrx_word' id='word_1_145' title='bbox 2732 3154 2766 3211; x_wconf 61' lang='lat'><strong><em>¹</em></strong></span> 
     </span>
    </p>

    <p class='ocr_par' dir='ltr' id='par_1_6' title="bbox 909 3253 1074 3310">
     <span class='ocr_line' id='line_1_25' title="bbox 909 3253 1074 3310; baseline 0 -1"><span class='ocrx_word' id='word_1_146' title='bbox 909 3253 1074 3310; x_wconf 80' lang='lat'><strong>1436.</strong></span> 
     </span>
    </p>

    <p class='ocr_par' dir='ltr' id='par_1_7' title="bbox 683 3347 2791 4416">
     <span class='ocr_line' id='line_1_26' title="bbox 907 3347 2759 3474; baseline 0.001 -32"><span class='ocrx_word' id='word_1_147' title='bbox 907 3367 1063 3442; x_wconf 88' lang='lat' dir='ltr'>Nos</span> <span class='ocrx_word' id='word_1_148' title='bbox 1137 3347 1557 3474; x_wconf 75' lang='lat' dir='ltr'>Capitulum</span> <span class='ocrx_word' id='word_1_149' title='bbox 1637 3365 2005 3445; x_wconf 82' lang='lat' dir='ltr'>Ecclesiae</span> <span class='ocrx_word' id='word_1_150' title='bbox 2073 3369 2426 3447; x_wconf 87' lang='lat' dir='ltr'>Albensis</span> <span class='ocrx_word' id='word_1_151' title='bbox 2488 3359 2759 3445; x_wconf 63' lang='grc' dir='ltr'>ωοωοῐὶθθ</span> 
     </span>
     <span class='ocr_line' id='line_1_27' title="bbox 708 3465 2755 3576; baseline 0.001 -27"><span class='ocrx_word' id='word_1_152' title='bbox 708 3470 1336 3550; x_wconf 87' lang='lat' dir='ltr'>commendamus.</span> <span class='ocrx_word' id='word_1_153' title='bbox 1424 3473 1651 3564; x_wconf 90' lang='lat' dir='ltr'>Quod</span> <span class='ocrx_word' id='word_1_154' title='bbox 1685 3471 2075 3576; x_wconf 81' lang='lat' dir='ltr'>religiosus</span> <span class='ocrx_word' id='word_1_155' title='bbox 2120 3475 2259 3552; x_wconf 86' lang='lat' dir='ltr'>Vir</span> <span class='ocrx_word' id='word_1_156' title='bbox 2298 3477 2623 3555; x_wconf 80' lang='lat' dir='ltr'>Dominus</span> <span class='ocrx_word' id='word_1_157' title='bbox 2649 3465 2755 3541; x_wconf 62' lang='lat'>”¹⁰¹</span> 
     </span>
     <span class='ocr_line' id='line_1_28' title="bbox 713 3569 2754 3685; baseline 0.003 -31"><span class='ocrx_word' id='word_1_158' title='bbox 713 3606 870 3654; x_wconf 91' lang='lat' dir='ltr'>mas</span> <span class='ocrx_word' id='word_1_159' title='bbox 891 3635 913 3673; x_wconf 86' lang='lat'>‚</span> <span class='ocrx_word' id='word_1_160' title='bbox 951 3579 1333 3674; x_wconf 75' lang='lat' dir='ltr'>crucifer,</span> <span class='ocrx_word' id='word_1_161' title='bbox 1367 3570 1820 3685; x_wconf 85' lang='lat' dir='ltr'>Praeceptor</span> <span class='ocrx_word' id='word_1_162' title='bbox 1857 3582 2238 3660; x_wconf 88' lang='lat' dir='ltr'>Ecclesiae</span> <span class='ocrx_word' id='word_1_163' title='bbox 2272 3584 2478 3664; x_wconf 86' lang='lat' dir='ltr'>Beati</span> <span class='ocrx_word' id='word_1_164' title='bbox 2503 3569 2754 3683; x_wconf 50' lang='lat' dir='ltr'>regiis&amp;</span> 
     </span>
     <span class='ocr_line' id='line_1_29' title="bbox 709 3680 2753 3795; baseline 0 -34"><span class='ocrx_word' id='word_1_165' title='bbox 709 3687 939 3791; x_wconf 87' lang='lat' dir='ltr'>phani</span> <span class='ocrx_word' id='word_1_166' title='bbox 994 3681 1087 3760; x_wconf 89' lang='lat' dir='ltr'>de</span> <span class='ocrx_word' id='word_1_167' title='bbox 1121 3686 1311 3762; x_wconf 85' lang='lat' dir='ltr'>Alba</span> <span class='ocrx_word' id='word_1_168' title='bbox 1338 3744 1360 3782; x_wconf 86' lang='lat'>‚</span> <span class='ocrx_word' id='word_1_169' title='bbox 1415 3714 1669 3763; x_wconf 89' lang='lat' dir='ltr'>coram</span> <span class='ocrx_word' id='word_1_170' title='bbox 1709 3687 1923 3763; x_wconf 90' lang='lat' dir='ltr'>nobis</span> <span class='ocrx_word' id='word_1_171' title='bbox 1984 3692 2465 3795; x_wconf 88' lang='lat' dir='ltr'>personaliter</span> <span class='ocrx_word' id='word_1_172' title='bbox 2508 3680 2753 3766; x_wconf 69' lang='grc' dir='ltr'>οουοίὶῑῠ·</span> 
     </span>
     <span class='ocr_line' id='line_1_30' title="bbox 709 3782 2752 3902; baseline 0 -34"><span class='ocrx_word' id='word_1_173' title='bbox 709 3811 870 3885; x_wconf 88' lang='lat' dir='ltr'>tus,</span> <span class='ocrx_word' id='word_1_174' title='bbox 926 3789 1267 3870; x_wconf 87' lang='lat' dir='ltr'>exhibuit</span> <span class='ocrx_word' id='word_1_175' title='bbox 1307 3792 1525 3869; x_wconf 89' lang='lat' dir='ltr'>nobis</span> <span class='ocrx_word' id='word_1_176' title='bbox 1560 3794 1918 3896; x_wconf 83' lang='lat' dir='ltr'>quasdam</span> <span class='ocrx_word' id='word_1_177' title='bbox 1954 3795 2203 3873; x_wconf 88' lang='lat' dir='ltr'>literas</span> <span class='ocrx_word' id='word_1_178' title='bbox 2241 3814 2513 3876; x_wconf 85' lang='lat' dir='ltr'>nostras</span> <span class='ocrx_word' id='word_1_179' title='bbox 2554 3782 2752 3902; x_wconf 80' lang='lat' dir='ltr'>priuile·</span> 
     </span>
     <span class='ocr_line' id='line_1_31' title="bbox 712 3888 2750 4003; baseline 0.002 -31"><span class='ocrx_word' id='word_1_180' title='bbox 712 3900 979 4002; x_wconf 83' lang='lat' dir='ltr'>giales,</span> <span class='ocrx_word' id='word_1_181' title='bbox 1036 3917 1298 4003; x_wconf 89' lang='lat' dir='ltr'>petens</span> <span class='ocrx_word' id='word_1_182' title='bbox 1343 3927 1479 3976; x_wconf 89' lang='lat' dir='ltr'>nos</span> <span class='ocrx_word' id='word_1_183' title='bbox 1516 3901 1767 3978; x_wconf 87' lang='lat' dir='ltr'>debita</span> <span class='ocrx_word' id='word_1_184' title='bbox 1806 3901 1987 3979; x_wconf 65' lang='lat' dir='ltr'>cum&#39;</span> <span class='ocrx_word' id='word_1_185' title='bbox 2019 3906 2393 4000; x_wconf 87' lang='lat' dir='ltr'>instantia,</span> <span class='ocrx_word' id='word_1_186' title='bbox 2461 3920 2529 3979; x_wconf 82' lang='lat' dir='ltr'>vt</span> <span class='ocrx_word' id='word_1_187' title='bbox 2568 3888 2750 3976; x_wconf 68' lang='lat' dir='ltr'>eandem</span> 
     </span>
     <span class='ocr_line' id='line_1_32' title="bbox 712 4005 2791 4106; baseline -0 -24"><span class='ocrx_word' id='word_1_188' title='bbox 712 4009 808 4082; x_wconf 89' lang='lat' dir='ltr'>de</span> <span class='ocrx_word' id='word_1_189' title='bbox 845 4005 1082 4082; x_wconf 84' lang='lat' dir='ltr'>verbo</span> <span class='ocrx_word' id='word_1_190' title='bbox 1116 4006 1212 4081; x_wconf 88' lang='lat' dir='ltr'>ad</span> <span class='ocrx_word' id='word_1_191' title='bbox 1243 4007 1565 4086; x_wconf 83' lang='lat' dir='ltr'>verbum</span> <span class='ocrx_word' id='word_1_192' title='bbox 1600 4009 1991 4085; x_wconf 86' lang='lat' dir='ltr'>transcribi</span> <span class='ocrx_word' id='word_1_193' title='bbox 2023 4037 2108 4087; x_wconf 92' lang='lat' dir='ltr'>ac</span> <span class='ocrx_word' id='word_1_194' title='bbox 2150 4013 2496 4089; x_wconf 89' lang='lat' dir='ltr'>transumi</span> <span class='ocrx_word' id='word_1_195' title='bbox 2523 4033 2594 4084; x_wconf 89' lang='lat' dir='ltr'>ac</span> <span class='ocrx_word' id='word_1_196' title='bbox 2613 4019 2750 4106; x_wconf 70' lang='lat' dir='ltr'>pm‘</span> <span class='ocrx_word' id='word_1_197' title='bbox 2790 4071 2791 4082; x_wconf 71' lang='grc'>,</span> 
     </span>
     <span class='ocr_line' id='line_1_33' title="bbox 683 4111 2789 4219; baseline 0.001 -31"><span class='ocrx_word' id='word_1_198' title='bbox 683 4114 1044 4216; x_wconf 45' lang='grc' dir='ltr'>Χιςσειηὶὶωει</span> <span class='ocrx_word' id='word_1_199' title='bbox 1114 4111 1348 4190; x_wconf 87' lang='lat' dir='ltr'>literis</span> <span class='ocrx_word' id='word_1_200' title='bbox 1404 4117 1675 4191; x_wconf 90' lang='lat' dir='ltr'>nostris</span> <span class='ocrx_word' id='word_1_201' title='bbox 1733 4116 2150 4219; x_wconf 89' lang='lat' dir='ltr'>patentibus</span> <span class='ocrx_word' id='word_1_202' title='bbox 2203 4122 2420 4196; x_wconf 81' lang='lat' dir='ltr'>insen</span> <span class='ocrx_word' id='word_1_203' title='bbox 2464 4118 2746 4193; x_wconf 54' lang='lat' dir='ltr'>facerem&amp;</span> <span class='ocrx_word' id='word_1_204' title='bbox 2788 4167 2789 4174; x_wconf 23' lang='grc' dir='ltr'><strong>κ</strong></span> 
     </span>
     <span class='ocr_line' id='line_1_34' title="bbox 711 4214 2744 4335; baseline 0.003 -41"><span class='ocrx_word' id='word_1_205' title='bbox 711 4221 1137 4299; x_wconf 81' lang='lat' dir='ltr'>vberiorem</span> <span class='ocrx_word' id='word_1_206' title='bbox 1172 4222 1371 4301; x_wconf 82' lang='lat' dir='ltr'>Juris</span> <span class='ocrx_word' id='word_1_207' title='bbox 1402 4221 1497 4301; x_wconf 89' lang='lat' dir='ltr'>ad</span> <span class='ocrx_word' id='word_1_208' title='bbox 1534 4223 1915 4302; x_wconf 88' lang='lat' dir='ltr'>cautelam.</span> <span class='ocrx_word' id='word_1_209' title='bbox 1977 4225 2313 4317; x_wconf 83' lang='lat' dir='ltr'>Quarum</span> <span class='ocrx_word' id='word_1_210' title='bbox 2354 4223 2608 4335; x_wconf 83' lang='lat' dir='ltr'>quidem</span> <span class='ocrx_word' id='word_1_211' title='bbox 2644 4214 2744 4290; x_wconf 55' lang='grc' dir='ltr'>ΒΨ</span> 
     </span>
    </p>
   </div>
   <div class='ocr_carea' id='block_1_6' title="bbox 2774 4463 2785 4656">
    <p class='ocr_par' dir='ltr' id='par_1_8' title="bbox 2774 4463 2785 4656">
     <span class='ocr_line' id='line_1_35' title="bbox 2774 4463 2785 4656; baseline 0 0"><span class='ocrx_word' id='word_1_212' title='bbox 2774 4463 2785 4656; x_wconf 60' lang='lat' dir='ltr'><em>J</em></span> 
     </span>
    </p>
   </div>
  </div>
 </body>
</html>
