2926 4849
655 499 808 570 354

549 734 685 784 suo
720 707 1005 783 accidit.
1065 705 1258 802 Ante
1296 702 1495 777 enim
1528 757 1547 796 ,
1602 725 1829 805 quam
1868 719 2214 805 peccaret
2242 699 2598 777 aduersus
2628 717 2736 798 te,

544 812 886 889 seductus
925 810 1115 896 malo
1173 809 1524 902 consiliu,
1579 806 1804 887 rediit
1846 825 2090 884 tecum
2129 809 2203 883 in
2239 809 2542 910 gratiam
2576 859 2598 902 ,
2650 825 2737 886 et

544 922 883 996 transiuit
915 918 1007 998 ad
1047 914 1588 1020 suscipiendam
1635 943 1983 991 coronam
2002 973 2027 1008 ,
2067 943 2208 1020 pro
2245 912 2526 991 meritis
2557 916 2733 1009 suis,

545 1052 697 1102 non
733 1022 1299 1131 corruptibilem
1325 1078 1345 1115 ‚
1399 1023 1529 1098 sed
1582 1041 1957 1100 aeternam
1985 1081 2006 1117 ‚
2065 1048 2200 1126 per
2228 1024 2533 1124 gratiam
2574 1048 2731 1098 nou

545 1135 921 1226 mortalis,
979 1127 1107 1206 sed
1149 1134 1428 1206 aeterni
1467 1129 1964 1234 Imperatoris.
2020 1130 2240 1220 Quod
2280 1129 2735 1233 sperandum

547 1258 696 1335 est,
754 1266 847 1315 ex
881 1241 1042 1314 eins
1088 1235 1304 1311 bonis
1346 1253 1423 1312 et
1463 1241 1667 1312 iustis
1709 1236 2070 1341 operibus
2096 1294 2118 1327 ‚
2180 1260 2378 1335 quae
2412 1236 2588 1311 fecit
2654 1238 2731 1310 in

544 1350 689 1422 vita
713 1402 734 1441 ‚
792 1345 1227 1451 praesertim
1262 1366 1400 1445 pro
1434 1342 2006 1446 amplificatione
2045 1341 2215 1418 fidei
2248 1343 2733 1436 Christianae,

545 1456 617 1528 in
654 1479 802 1555 qua
841 1479 981 1527 vna
1024 1476 1201 1526 vera
1253 1451 1440 1525 salus
1487 1449 1815 1526 fidelium
1869 1452 2263 1554 reperitur.
2322 1452 2574 1539 Quare
2626 1448 2732 1524 fili

543 1559 983 1635 charissime
1009 1615 1030 1652 ‚
1063 1558 1135 1630 in
1173 1554 1310 1631 hac
1350 1555 1496 1631 fide
1514 1559 1903 1634 consolare
1938 1560 2265 1633 animum
2289 1576 2541 1649 tuum,
2589 1583 2731 1659 pro

541 1683 782 1741 morte
809 1669 988 1740 tanti
1033 1663 1392 1766 Principis
1417 1720 1437 1757 ,
1486 1669 1791 1764 tamque
1827 1664 2028 1739 chari
2052 1664 2298 1740 fratris
2336 1662 2727 1740 afflictumt

539 1777 717 1875 quia
749 1772 898 1847 sibi
936 1771 1261 1877 reposita
1306 1786 1413 1844 est
1467 1772 1541 1844 in
1594 1771 1807 1846 coelo
1855 1796 2132 1846 corona
2180 1773 2579 1865 victoriae,
2630 1768 2731 1845 ad

544 1885 765 1982 quam
804 1882 1104 1953 vocauit
1147 1901 1320 1953 eum
1362 1877 1768 1968 Dominus,
1825 1902 2154 1955 coronae
2196 1878 2523 1954 mortalis
2554 1877 2728 1950 affe·-

544 1990 788 2062 ctione
843 1986 1218 2088 deposita,
1297 2000 1376 2059 et
1435 1982 1644 2088 quod
1673 2040 1696 2079 ‚
1763 2001 2166 2089 antequam
2225 2011 2318 2060 ex
2378 1985 2510 2059 hac
2559 1984 2727 2058 luce

539 2092 1006 2184 discederet,
1081 2092 1331 2194 ipsum
1371 2092 1761 2194 amplexus
1803 2110 1879 2167 et
1941 2095 2307 2170 allocutus
2365 2117 2443 2166 es
2484 2088 2724 2164 cbari-

547 2217 696 2275 tate
744 2195 1115 2289 fraterna,
1172 2215 1557 2300 postremo
1597 2222 1732 2303 spe
1768 2198 1903 2272 tibi
1958 2202 2330 2291 moriens,
2386 2213 2466 2274 vt
2510 2196 2734 2271 debi-
2800 2289 2811 2304 .

547 2323 749 2397 tum,
823 2305 1050 2381 frater
1091 2304 1303 2378 fratri
1360 2320 1631 2380 statum
1682 2306 1840 2381 eius
1888 2306 2219 2381 subditos
2282 2320 2360 2380 et
2412 2305 2739 2381 dominia

548 2409 1119 2489 commendauit.
1176 2410 1420 2488 Nemo
1462 2430 1710 2487 autem
1750 2440 1842 2488 eo
1879 2412 2089 2489 Duce
2131 2413 2461 2506 sublato,
2512 2437 2738 2516 quem

537 2538 794 2595 tecum
840 2521 1299 2611 vuanimem,
1357 2536 1583 2619 atque
1623 2536 2053 2623 promptum
2102 2520 2586 2623 cupiebamus
2623 2518 2740 2593 so-

547 2653 629 2701 re
665 2625 756 2700 ad
788 2622 1329 2728 suscipiendam
1364 2623 1869 2703 defensionem
1908 2625 2081 2702 fidei
2120 2626 2528 2702 catholicae
2560 2654 2743 2703 con·

548 2749 662 2808 tra
698 2728 1068 2809 Bohemos
1108 2730 1565 2830 haereticos,
1604 2730 1697 2806 ad
1738 2751 1811 2808 te
1850 2759 2079 2809 vnum
2120 2760 2419 2810 necesse
2457 2751 2568 2809 est
2605 2759 2742 2808 no-

546 2841 678 2915 bis¹
714 2839 970 2914 oculos
1026 2856 1517 2932 conuertere,
1572 2841 1893 2915 animum
1959 2860 2036 2916 et
2092 2840 2477 2937 fiduciam,
2531 2866 2744 2944 spem

552 2963 627 3023 et
662 2968 923 3051 preces
954 2963 1259 3021 nostras,
1318 2944 1479 3021 Nec
1515 2972 1814 3048 egemus
1850 2949 2132 3024 maiore
2156 2947 2562 3053 praesidio,
2599 2973 2746 3024 nec

550 3054 893 3159 ampliori
935 3051 1305 3157 potentia,
1363 3079 1505 3129 nec
1546 3053 1838 3143 meliori
1882 3053 2298 3144 voluntate,
2356 3082 2577 3157 quam
2620 3071 2751 3130 tua

550 3178 700 3253 est,
735 3161 921 3236 certi
956 3158 1155 3233 enim
1192 3185 1468 3255 summ,
1510 3159 1716 3264 quod
1753 3160 1941 3236 hanc
1971 3162 2257 3238 rabiem
2277 3161 2752 3256 haereticam,

552 3293 787 3372 regno
834 3283 963 3342 tuo
1022 3264 1404 3359 finitimam
1439 3321 1460 3358 ,
1540 3286 1616 3343 et
1676 3268 2168 3372 periculosam
2228 3273 2378 3362 tui,
2450 3294 2751 3371 semper

560 3375 733 3453 odio
779 3370 1179 3448 iustissimo
1222 3389 1660 3476 prosecutus
1717 3401 1836 3462 eS‚
1895 3393 1971 3450 et
2026 3378 2461 3481 extinguere
2522 3373 2755 3480 cupi-

561 3484 745 3559 uisti.
822 3478 1046 3583 Quod
1103 3505 1271 3552 cum
1314 3478 1675 3582 perficere
1729 3478 1927 3556 solus
1976 3486 2247 3587 possis,
2321 3476 2759 3559 cordialiter

559 3611 903 3692 rogamus
936 3581 1461 3660 sublimitatem
1501 3605 1738 3680 tuam,
1774 3605 1850 3662 vt
1892 3593 2318 3695 compositis
2350 3586 2578 3666 rebus
2615 3584 2755 3663 Li-

558 3695 933 3776 thuaniae,
993 3710 1069 3767 et
1104 3690 1443 3767 ordinato
1484 3720 1736 3769 earum
1772 3712 2131 3773 terrarum
2172 3715 2404 3791 statu,
2443 3722 2635 3800 quae
2671 3696 2752 3771 in

442 3833 449 3851 ·
561 3815 688 3876 tua
738 3815 1098 3905 potestate
1139 3798 1441 3873 relictae
1479 3817 1695 3893 sunt,
1751 3828 2012 3879 omnes
2054 3831 2312 3899 curas,
2369 3803 2754 3907 cogitatio·

564 3930 737 3996 nes,
794 3924 870 3979 et
916 3907 1110 3981 vires
1160 3924 1318 3979 tuas
1355 3925 1751 3983 conuertas
1798 3909 1889 3982 ad
1937 3910 2123 3986 hanc
2165 3908 2521 4015 perfidam
2565 3910 2745 3985 hae-

564 4013 787 4090 resim
829 4010 1419 4116 exstirpandam3
1457 4040 1629 4089 cum
1666 4014 1947 4091 nullum
1975 4022 2355 4122 negotium
2397 4018 2556 4092 Deo
2594 4038 2756 4090 ma-

570 4123 677 4225 gis
715 4135 1147 4223 acceptum,
1206 4145 1348 4195 nec
1388 4119 1630 4197 Vtilius
1670 4121 1951 4198 mundo
1978 4179 1998 4216 ,
2054 4152 2194 4201 nec
2238 4124 2373 4201 tibi
2416 4122 2761 4229 gloriosi-

567 4252 689 4323 us,
744 4226 981 4331 possis
1018 4222 1390 4329 amplecti,
1433 4228 1644 4304 cuius
1686 4224 2123 4333 perficiendi
2160 4231 2469 4338 gloriam
2503 4261 2546 4308 a
2586 4228 2757 4309 Deo
