2926 4849
601 639 604 646 .
661 524 817 597 340
937 469 942 476 ⁵

1470 716 1811 792 cxvm.

463 919 467 928 ,
548 861 696 918 leam
724 850 1115 928 &gamm-due
1151 844 1487 915 Jobagiones
1522 858 1591 892 ac
1616 833 1967 909 familiares
1996 826 2214 884 alienos
2235 839 2513 896 ,practer
2560 836 2739 875 suos·

741 963 847 1004 mee
895 943 1144 1004 dominos
1165 971 1184 998 2
1235 936 1526 992 iudicari,
1586 928 1862 984 arrestari
1887 968 1903 994 ,
1937 921 2374 994 'antaprohiberi
2392 952 2411 978 ‚
2449 932 2617 972 vetat.
2648 915 2730 988 Α.

749 1035 904 1094 1431.

745 1142 1263 1256 sigismundus
1295 1139 1437 1212 Dei
1476 1133 1714 1237 gratia
1750 1134 2266 1209 Romanorum
2304 1124 2471 1198 Rex
2525 1146 2734 1196 sem-

554 1293 693 1373 per
752 1262 1173 1359 Augustus,
1228 1271 1313 1320 ac
1372 1243 1795 1344 Hor-garie,
1854 1232 2258 1334 bohemie,
2314 1215 2741 1320 Dalmacie,

557 1371 864 1447 Croacie
906 1379 1045 1438 etc.
1082 1359 1285 1444 Rex,
1340 1348 1684 1425 fidelibus
1727 1345 2014 1420 Nostris
2058 1339 2416 1415 vniuersis
2462 1352 2539 1409 et
2570 1334 2739 1408 sin-

555 1478 782 1584 gulis,
833 1465 1222 1545 Praelatis,
1283 1453 1734 1546 Batonibus,
1791 1448 2228 1537 Comitibus,
2279 1438 2740 1529 CastellaniS,

533 1578 958 1681 ‘Nobilibus
981 1629 1003 1667 ,
1029 1576 1515 1672 ipsorumque
1556 1556 2029 1649 officialibus,
2061 1558 2236 1628 item
2271 1546 2743 1640 ciuitatibus,

558 1712 637 1786 et
682 1687 926 1764 liberis
978 1679 1202 1762 villis,
1239 1673 1736 1773 ‘ipsarumque
1785 1643 2745 1750 Rectoribuffisudi'cibus,

559 1819 634 1874 et
666 1791 996 1880 villicis,
1054 1780 1323 1885 quibus
1366 1787 1794 1876 praesentes
1847 1766 2380 1846 ostenduntur,
2434 1762 2755 1846 salutem,

562 1925 637 1981 et
671 1899 1009 2003 graciam.
1042 1893 1234 1965 Cum
1267 1887 1570 1985 antiqua
1609 1880 1769 1979 lege
1815 1894 1885 1949 et
1924 1868 2462 1951 consuetudine
2495 1867 2742 1967 Regni

558 2009 792 2093 nostri
851 1999 1325 2104 requirente,
1372 1986 1656 2092 quisuis
1709 1982 1996 2059 Nobilis
2054 1997 2125 2054 et
2182 1978 2405 2051 homo
2466 1977 2765 2074 posses-fl

565 2123 929 2201 sionatus,
970 2130 1141 2181 suos
1176 2095 1791 2196 ioubagyonesket
1829 2078 2749 2186 familiares'impossessio·

565 2241 776 2301 natos
800 2219 848 2312 ,'
877 2218 952 2288 in
989 2202 1446 2317 quibuslibet
1484 2200 1632 2277 suis
1662 2190 2238 2301 possessionibus
2279 2210 2746 2262 commoran-

458 2384 461 2387 -
566 2355 675 2413 tes
702 2384 723 2420 ,
777 2325 854 2399 in
891 2318 1124 2396 causis
1168 2305 1591 2416 quibusuiS,
1633 2302 1965 2404 exceptis
2004 2297 2360 2373 duntaxat
2394 2291 2612 2385 furti,
2653 2291 2748 2363 la·

572 2432 877 2527 trocinii
925 2445 1002 2503 et
1034 2413 1457 2509 homicidii,
1514 2438 1599 2486 ao
1656 2408 1813 2484 aliis
1868 2403 2188 2511 publicis
2245 2394 2751 2487 criminalibus

572 2544 849 2629 causis,
902 2535 1200 2638 ipsimet
1241 2517 1610 2598 iudicandi
1643 2514 1957 2591 habeant
1991 2512 2452 2602 facultatem3
2517 2503 2752 2608 igitur

573 2643 908 2728 fidelitati
946 2640 1219 2715 Vestre
1264 2624 1791 2711 vniuersitatis,
1848 2639 1924 2696 et
1970 2616 2364 2693 cuiuslibet
2425 2630 2751 2688 vestrum

577 2757 887 2837 firmiter
920 2742 1323 2851 precipien.
1382 2728 1807 2807 mandamus
1837 2744 2199 2826 quatenus
2235 2722 2512 2823 iobbag
2514 2741 2756 2821 yones

578 2882 656 2942 et
673 2857 1061 2937 familiares
1091 2842 1764 2948 impossessionatos
1782 2832 2111 2909 fidelium
2137 2848 2557 2905 nostrorum
2600 2825 2755 2897 La·-

582 2968 792 3047 dislai
815 2955 1133 3040 Har-cha,
1167 2951 1297 3026 filii
1334 2945 1680 3049 Gregorii
1718 2942 1809 3016 de
1844 2940 2101 3029 Weck,
2140 2952 2217 3011 et
2251 2937 2545 3010 alterius
2569 2932 2756 3006 Gre-

567 3077 814 3181 gorii,
868 3065 1202 3146 similiter
1238 3054 1572 3143 Harclia,
1629 3047 1758 3123 filii
1796 3046 2098 3120 Joannis
2133 3096 2155 3134 ,
2213 3041 2413 3116 Pauli
2472 3039 2759 3139 Kesseg

585 3185 714 3264 filii
755 3171 1175 3259 Benedicti,
1230 3164 1324 3239 de
1361 3159 1622 3235 eadem
1657 3153 1940 3244 Weck,
1982 3171 2057 3227 et
2081 3149 2373 3225 Nicolai
2400 3149 2627 3222 Posar
2661 3143 2761 3219 de

589 3292 868 3374 Kawa,
926 3284 1001 3355 in
1042 3267 1494 3381 quibuslibet
1538 3259 2117 3367 possessionibus
2158 3257 2767 3355 ipsorumcom-

563 3407 998 3489 morantes,
1042 3386 1118 3459 in
1154 3375 1372 3455 nullis
1404 3374 1635 3448 causis
1663 3423 1682 3460 ,
1719 3364 2039 3469 demptis
2076 3363 2317 3440 solum
2347 3360 2713 3464 premissis
2733 3414 2760 3449 ,

593 3488 967 3588 iudicare,
1058 3488 1178 3563 vel
1229 3499 1477 3557 vestro
1510 3478 1795 3552 adstare
1845 3469 2198 3548 iudicatui
2262 3464 2773 3568 compellere,

597 3636 742 3690 nec
776 3630 896 3681 res
949 3618 1026 3676 et
1057 3598 1255 3671 bona
1296 3612 1558 3663 eorum
1595 3585 1670 3655 in
1708 3580 1969 3655 vestris
1999 3578 2268 3670 tenutis
2291 3616 2333 3666 ,=
2371 3572 2775 3675 possessio·

600 3716 857 3805 nibus,
891 3700 1338 3788 bonoribus,
1393 3684 1946 3780 officiolatibus,
2014 3710 2100 3758 ac
2144 3684 2370 3759 vestri
2405 3681 2482 3755 in
2519 3677 2775 3752 medio

604 3835 966 3909 arestare,
1019 3837 1146 3886 seu
1187 3799 1589 3910 prohibere
1623 3791 2380 3897 facerepresumatis,
2436 3812 2575 3861 nec
2617 3785 2780 3860 sitis

606 3931 768 4010 ausi
798 3921 1026 4000 modo
1085 3909 1427 4014 aliquali,
1483 3906 1857 4005 signanter
1897 3924 2034 4003 pro
2073 3895 2343 3970 debitis
2367 3951 2388 3989 ,
2443 3892 2778 3984 delictis,

606 4030 1024 4118 excessibus
1077 4022 1412 4096 aliorum.
1490 4009 1571 4086 Si
1615 4009 1741 4112 qui
1784 4007 1980 4082 enim
2014 3998 2503 4107 quidcunque
2543 4015 2785 4074 atten-

609 4145 833 4223 tionis
864 4153 990 4213 aut
1037 4124 1440 4237 questionis
1468 4172 1490 4212 ,
1545 4130 1807 4193 contra
1862 4130 1938 4189 et
1998 4110 2348 4187 aduersus
2396 4106 2788 4213 predictos

607 4248 1083 4353 Jobagyones
1117 4253 1191 4313 et
1229 4228 1614 4308 familiares
1663 4220 2337 4325 impossessionatos
2388 4211 2787 4320 predicto-
