2926 4849
682 483 829 554 872

1367 696 1398 775 s
1429 694 1878 783 CDXXXV.
1961 694 1977 779 ἶ

569 837 744 890 Idem·
765 834 1155 923 Sigismundus
1188 834 1482 904 praedium
1531 834 1821 906 Gyimolaela
1842 874 1859 903 ‚
1920 838 1983 891 in
2027 835 2302 894 comitatu
2340 840 2767 911 rupti-iens·

759 926 1014 979 remittit.
1069 926 1133 978 A.
1172 924 1326 981 143⁷.
1480 1003 1490 1013 ⁴

568 1030 961 1141 Relatio
1032 1034 1441 1129 Emerici
1535 1032 1644 1110 de
1719 1026 2220 1137 Marcz'aly
2288 1034 2756 1139 Magistri

869 1220 878 1225 ,
1466 1141 1839 1228 Curiae.

763 1248 919 1330 Nos
956 1246 1466 1349 sigismundus
1502 1248 1641 1327 Dei
1684 1250 1912 1352 gratia
1946 1248 2471 1323 Romanorum
2518 1250 2753 1351 Impe-

569 1375 776 1434 rator
833 1380 1125 1458 semper
1182 1347 1551 1455 Augustus
1617 1380 1706 1429 ae
1758 1354 1998 1456 Hung.
2063 1350 2393 1431 Bohem.-
2440 1354 2743 1431 Dalma-

572 1466 818 1539 Croat.
853 1480 996 1538 etc.
1035 1462 1226 1533 Rex.
1293 1459 1701 1539 Memoriae
1737 1460 2332 1537 commendamus
2372 1488 2525 1565 per
2551 1487 2742 1566 prse-

568 1586 815 1648 sentes
840 1625 861 1661 ,
916 1564 1121 1669 quod
1160 1571 1496 1666 quamvis
1550 1594 1688 1645 nos
1718 1567 1891 1643 alias
1943 1567 2315 1672 quoddam
2357 1571 2753 1673 praedium

570 1676 806 1754 fidelis
865 1680 1098 1749 nostri
1150 1674 1497 1777 Georgii,
1550 1671 1680 1749 filii
1731 1673 2085 1749 Anthonii
2135 1672 2229 1749 de
2270 1674 2512 1779 Papa,
2582 1678 2753 1777 Gyi-

453 1785 474 1809 ‘
571 1779 809 1859 molth
842 1799 1181 1856 vocatum
1206 1833 1226 1871 ‚
1280 1780 1356 1853 in
1402 1781 1771 1856 Comitatu
1795 1780 2356 1886 Wesprimiensi
2392 1781 2753 1872 habitum,

576 1920 615 1965 a
675 1888 1009 1964 manibus
1064 1884 1442 1962 cuiusdam
1505 1887 1812 1992 Georgii
1862 1915 2002 1992 per
2062 1885 2355 1963 fidelem
2407 1909 2749 1966 nostrum

578 1993 1058 2097 Magnificum
1093 1990 1508 2069 Ladislaum
1540 1994 1636 2070 de
1672 1995 1870 2069 Gara
1911 1996 2190 2070 Banum
2230 2011 2578 2071 nostrum
2600 1996 2750 2072 Μι-

579 2101 1049 2178 chouiensem
1074 2155 1097 2195 ,
1149 2101 1451 2176 nomine
1504 2117 1762 2178 nostro
1818 2104 2018 2204 regio
2044 2154 2067 2193 ,
2120 2129 2262 2206 pro
2314 2120 2578 2191 nostra
2618 2129 2751 2197 oc-

579 2207 840 2311 cupari
889 2205 1281 2288 fecerimus
1339 2206 1761 2303 Maiestate3
1827 2206 2123 2283 tandem
2195 2234 2332 2282 nos
2388 2210 2748 2284 vniuersis

575 2314 858 2393 iuribus
896 2332 966 2390 et
1011 2307 1418 2409 literalibus
1475 2315 1974 2392 instrumentis
2032 2311 2360 2389 eiusdem
2414 2316 2746 2420 Georgii,

577 2450 803 2526 super
838 2417 1265 2498 huiusmodi
1314 2419 1621 2524 praedio
1670 2416 2027 2496 confectis
2067 2438 2142 2498 et
2180 2429 2588 2519 emanatis,
2641 2449 2748 2498 oo-

577 2558 737 2607 ram
778 2546 1027 2605 nostra
1062 2526 1444 2603 Maiestate
1505 2531 1581 2604 in
1632 2529 1877 2632 specie
1908 2525 2298 2629 'productis
2317 2585 2340 2621 ,
2396 2529 2743 2634 cognoui-

578 2662 746 2712 mus
802 2659 936 2737 per
987 2659 1461 2732 expressum,
1540 2630 1948 2709 huiusmodi
2010 2634 2395 2734 praedium
2456 2639 2739 2712 minine

576 2743 722 2819 iuri
757 2756 1011 2815 nostro
1057 2738 1337 2813 debere
1375 2743 1785 2840 pertinere3
1837 2743 2080 2845 ipsum
2108 2740 2327 2816 simul
2365 2769 2550 2818 cum
2585 2743 2741 2818 vui·

580 2847 812 2924 uersis
880 2846 1027 2923 suis
1090 2844 1524 2922 vtilitatibus
1592 2865 1669 2921 et
1716 2848 2186 2950 'pertinentiis
2253 2848 2748 2952 quibuslibet,

570 2953 674 3032 ‘ad
706 2952 907 3030 idem
944 2952 1444 3056 spectantibus
1466 3008 1487 3043 ,
1542 2972 1618 3029 et
1651 2956 2024 3057 pertinere
2059 2954 2552 3051 debentibus,
2606 2983 2749 3032 me·

573 3079 869 3137 morato
916 3062 1246 3162 Georgio
1307 3060 1401 3136 de
1448 3061 1640 3165 Papa
1704 3058 2048 3136 duximus
2103 3062 2638 3143 remittendum
2683 3081 2750 3138 et

576 3166 1054 3243 relaxandum
1081 3221 1102 3259 ‚
1155 3167 1309 3240 imo
1344 3168 1782 3243 remittimus
1811 3185 1888 3243 et
1931 3167 2340 3244 relaxamus
2383 3172 2647 3273 vigore
2681 3188 2751 3245 et

577 3275 999 3350 testimonio
1047 3275 1538 3378 praesentium
1582 3274 1990 3350 Literarum
2043 3294 2467 3352 nostrarum
2517 3273 2745 3352 medi·

579 3399 767 3455 ante.
838 3381 1110 3455 Datum
1154 3378 1427 3483 Pragae
1465 3395 1734 3456 octauo
1774 3379 1895 3454 die
1943 3378 2112 3457 festi
2163 3381 2532 3459 Omnium
2580 3382 2740 3459 San·

577 3501 894 3561 etorum.
975 3488 1197 3560 Anno
1245 3486 1549 3560 Domini
1585 3485 1985 3564 Millesimo
2026 3487 2731 3594 quadringentesimo

575 3594 956 3669 tricesimo
1003 3593 1317 3696 septimo
1348 3649 1369 3686 ,
1423 3600 1826 3692 regnorum
1865 3612 2293 3672 nostrorum
2334 3595 2726 3702 flung-riae

571 3697 921 3775 videlicet
963 3699 1580 3802 quinquagesimo
1621 3703 1912 3803 primo,
1972 3704 2489 3780 Romanorum
2544 3703 2729 3805 vige-

569 3806 756 3880 simo
800 3821 1117 3895 octauo,
1173 3806 1568 3881 Bobemiae
1611 3806 1904 3884 decimo
1939 3827 2231 3903 octauo,
2285 3811 2590 3916 Imperii
2628 3838 2732 3885 ve·

571 3939 663 3986 ro
719 3912 1054 4015 quinto.“
1542 3967 1549 3974 ·

656 4040 838 4125 sigilli
870 4033 1137 4125 appi-essi
1165 4042 1448 4126 vestigia3
1481 4041 1594 4103 sub
1636 4041 1827 4126 sigillo
1870 4042 2139 4128 Magistri
2176 4045 2489 4128 Mamaly
2527 4061 2729 4105 nom

657 4163 684 4188 2
763 4144 957 4214 latens
990 4143 1383 4227 conspicitur.
1429 4145 1700 4228 Sigillum
1741 4145 1934 4228 ipsum
1952 4165 2093 4207 eera
2132 4144 2326 4207 rubra
2344 4135 2558 4214 charta
2587 4154 2726 4209 lech

762 4243 1113 4327 impressum
1144 4242 1470 4310 deciduum
1505 4244 1761 4309 adiacet.
1806 4248 1902 4307 Fr.
1951 4243 2298 4331 Chergbec'i.
