2926 4849
603 495 760 570 ⁴22

497 711 575 787 in
613 706 906 787 Christo
947 713 1146 816 patri
1171 767 1193 801 ,
1253 709 1561 786 domino
1594 709 1915 786 Johanni
1970 706 2344 817 Episcopo
2398 707 2689 810 Zagra·

495 815 781 903 biensi,
839 819 1028 893 sacri
1082 819 1400 894 Romani
1456 819 1762 921 Imperii
1819 836 1893 895 et
1949 835 2207 896 nostre
2269 814 2685 895 Maiestatis

495 920 869 1027 Supremo
908 923 1494 1001 Cancellarioae
1533 923 2088 1028 spectabilibus
2139 943 2215 1000 et
2270 920 2684 1023 Magnificis
2766 937 2775 948 '

491 1025 928 1105 Hermanno
970 1030 1155 1106 Cilie
1215 1033 1690 1135 Zagorieque
1741 1032 2005 1108 Comiti
2046 1058 2129 1104 ac
2192 1033 2402 1133 regni
2443 1030 2680 1104 nostri

500 1134 946 1214 Sclauoniae
981 1136 1189 1213 Bano
1212 1195 1233 1230 ‚
1285 1164 1546 1213 socero
1590 1156 1844 1216 nostro
1884 1140 2265 1215 carissimo
2291 1194 2309 1217 ..
2346 1135 2689 1210 ‘Fi-inleri-

498 1270 592 1321 co
631 1261 707 1320 et
742 1244 1000 1321 Vlrico
1034 1245 1371 1322 similiter
1404 1244 1590 1321 Cilie
1629 1246 1998 1348 Zagoriae
2038 1241 2459 1322 Comitibus
2500 1242 2688 1317 salu·

500 1366 651 1426 tem
684 1367 761 1426 et
796 1353 1125 1455 gratiam.
1167 1351 1460 1427 Pridem
1498 1378 1636 1457 per
1662 1353 1836 1427 alias
1873 1369 2159 1428 nostras
2193 1350 2434 1427 literas
2469 1344 2685 1424 v'obis

497 1459 593 1533 de
623 1473 826 1532 certa
863 1476 1110 1535 nostra
1146 1461 1451 1535 scientia
1507 1462 1982 1564 precepimus
2035 1474 2113 1533 et
2168 1455 2683 1531 mandauimus

493 1562 965 1667 Sigismundo
1049 1566 1473 1643 Wolsawer
1531 1583 1767 1641 castra
1827 1563 2050 1639 adimi
2112 1557 2354 1665 (quod
2430 1578 2509 1637 et
2558 1562 2675 1637 fa·
2780 1576 2785 1582 ’

501 1664 759 1770 ctum.)
835 1672 1027 1748 Hinc
1098 1673 1461 1747 iniustum
1513 1672 1901 1764 existeret,
1958 1675 2319 1772 omnique
2370 1669 2686 1773 equitati

498 1778 866 1853 notationi
897 1781 1377 1870 contrarium,
1417 1778 1625 1877 quod
1669 1777 1870 1852 idem
1902 1775 2414 1880 sigismundus
2442 1774 2684 1850 Wolf-

500 1897 782 1980 s'aw‘er,
837 1886 969 1986 qui
1004 1897 1088 1956 vt
1126 1887 1659 1988 praemittitur,
1716 1884 1811 1959 de
1863 1883 2208 1960 mandato
2262 1902 2521 1959 nostro
2566 1880 2681 1956 di-

502 2005 745 2067 ctante
800 1990 1115 2084 iustitia,
1162 2018 1295 2067 sua
1343 2005 1654 2096 quoque
1717 1992 1992 2067 malitia
2033 1992 2416 2093 exigente,
2469 2004 2679 2065 extra

499 2098 740 2173 natale
768 2098 1010 2192 solum
1045 2099 1327 2174 eiectus
1367 2115 1524 2188 est,
1585 2095 1794 2172 nobis
1844 2098 2326 2174 tolerantibus
2352 2152 2372 2190 ,
2425 2098 2499 2171 in
2557 2120 2681 2170 re-

500 2230 649 2309 gno
684 2222 987 2300 nostro,
1042 2202 1137 2278 ad
1177 2203 1598 2280 huiusmodi
1639 2202 2022 2307 nephanda
2063 2200 2520 2295 exercenda,
2552 2199 2688 2278 bo·

502 2311 806 2414 spitari,
897 2307 1200 2388 defendi
1265 2336 1399 2388 seu
1461 2307 2030 2413 quomodolibet
2080 2313 2268 2387 tueri
2342 2308 2681 2413 deberet.

506 2417 984 2523 Quapropter
1027 2418 1241 2495 vobis
1289 2436 1363 2495 et
1409 2434 1741 2495 vestrum
1792 2417 2101 2496 cuilibet
2149 2416 2686 2493 committimus

510 2550 601 2600 ac
642 2525 738 2599 de
781 2542 982 2601 certa
1031 2543 1283 2601 nostra
1338 2528 1645 2626 scientia
1699 2521 2014 2601 firmiter
2065 2525 2558 2632 praecipimus
2613 2539 2689 2600 et

509 2629 944 2706 mandamus
997 2686 1021 2726 ‚
1110 2648 1475 2736 quatenus
1551 2649 2045 2707 memoratum
2126 2627 2690 2732 sigismundum

510 2728 966 2815 Wo'fsawer
1003 2734 1354 2844 deinceps
1393 2736 1472 2812 in
1522 2761 1755 2840 regno
1806 2748 2062 2816 nostro
2119 2737 2542 2841 Hungarie,
2596 2756 2689 2813 nc

512 2842 777 2921 vestris
824 2842 1473 2921 Jurisdictionibus
1525 2843 1939 2920 nullatenus
1992 2839 2448 2939 defendatis,
2545 2868 2690 2918 nec
2764 2912 2769 2917 .

515 2950 1090 3057 quomodolibet
1135 2953 1531 3048 tueamini,
1587 2968 1811 3053 atque
1863 2950 2002 3026 sibi
2040 2970 2111 3027 et
2164 2951 2322 3027 eius
2366 2950 2694 3054 eompli-

513 3057 726 3133 cibus
784 3058 1175 3161 praedictio
1223 3076 1483 3136 eontra
1548 3059 2200 3163 A'rchiepiscopum
2261 3077 2338 3133 et
2396 3058 2687 3131 Ducem

512 3161 970 3241 Fridericum
1008 3166 1350 3241 Austriae
1378 3192 1469 3240 ‘ae
1499 3162 1833 3268 Styriae,
1864 3182 1997 3239 -aut
2034 3186 2292 3240 eorum
2325 3165 2688 3258 ‘Bai-ones,

510 3270 777 3348 milites
804 3316 844 3363 ,·
880 3296 1238 3375 proceres
1258 3327 1279 3366 ,
1312 3272 1603 3346 nobiles
1635 3298 1765 3348 seu
1800 3274 2103 3373 quosuis
2135 3286 2495 3346 terrarum
2525 3292 2690 3345 sua-

385 3454 390 3459 .
506 3405 678 3454 rum
712 3379 988 3455 incolas
1022 3381 1364 3481 prestetis
1404 3379 1632 3453 vllum
1677 3375 2069 3455 eonsilium
2120 3395 2247 3453 aut
2300 3376 2693 3476 fauorem3

508 3485 690 3587 quin
728 3509 983 3586 ymmo
1020 3483 1340 3561 eundem
1380 3481 1956 3585 Sygismundum
1999 3482 2452 3562 Wolssawer
2496 3507 2687 3559 mox

503 3594 827 3696 receptis
886 3587 1352 3696 presentibus
1404 3617 1448 3664 a
1500 3588 1716 3666 vobis
1763 3592 2205 3687 amoueatis,
2290 3590 2694 3694 separetis,

501 3713 576 3771 et
615 3698 1022 3777 excludatis
1054 3698 1354 3773 realiter
1388 3722 1558 3772 cum
1600 3694 1906 3790 effectu3
1962 3722 2101 3772 nee
2143 3699 2384 3803 ipsum
2422 3695 2516 3771 de
2556 3723 2684 3771 ee-

496 3818 661 3881 tero
698 3798 1157 3910 aliquatenus
1186 3798 1583 3908 colligatis,
1619 3798 2004 3911 hospitetis
2022 3861 2046 3899 ,
2103 3830 2238 3880 seu
2280 3829 2688 3879 reassuma-

490 3907 631 4005 tis,
716 3908 893 3990 dolo
949 3908 1210 3989 fraude
1273 3906 1726 3989 cessantibus
1782 3908 2382 4018 quibuscunque.
2464 3910 2560 3984 Et
2612 3910 2683 3987 si

483 4011 735 4094 fdrsan
778 4020 978 4098 idem
1026 4014 1540 4124 Sigismundus
1586 4045 1627 4094 a
1682 4015 2098 4096 Serenitate
2158 4034 2407 4092 nostra
2468 4038 2680 4118 quo-

381 4131 386 4141 ’
425 4208 428 4211 ,
475 4119 889 4207 modolibet
907 4128 1412 4205 circumuenta
1444 4141 1571 4204 aut
1604 4122 1994 4233 quibusuis
2020 4127 2096 4200 in
2128 4147 2366 4228 regno
2401 4136 2668 4200 nostro

467 4228 854 4334 praedicto
892 4238 985 4315 ex
1028 4232 1553 4310 cbmmissione
1581 4240 1852 4311 'nostra
1904 4254 2357 4339 quacunque
2400 4245 2659 4307 aucto·
