2926 4849
725 474 882 548 500

488 701 493 704 ’
608 681 778 758 dem
823 683 1386 764 continentiam
1397 707 1540 757 vna
1577 705 1748 756 cum
1779 679 2145 758 Michaele
2177 680 2272 757 de
2304 679 2638 775 Eum-ed,
2664 678 2782 758 lio·

605 789 811 867 mine
805 793 1091 902 regio,
1147 793 1340 866 inter
1376 788 1565 865 alios
1598 788 1933 872 homines
1965 791 2214 895 regios
2254 789 2336 863 in
2388 787 2600 866 dictis
2633 789 2781 865 lite·

602 897 705 971 ris
734 871 1173 974 annualibus
1218 883 1678 1001 conscriptos
1710 899 2153 975 nominatim
2200 920 2602 998 expresso,
2651 922 2779 973 no-

595 1020 828 1080 strum
856 1004 1240 1081 'hominem
1271 1005 1618 1102 videlicet
1644 995 2062 1080 Johannem
2096 995 2323 1081 Chori
2363 1003 2773 1109 praedictae

591 1106 973 1187 Ecclesiae
1012 1131 1307 1204 nostrae
1344 1111 1718 1189 Clericum
1751 1110 1842 1186 ad
1880 1111 2427 1234 infrascriptam
2484 1110 2779 1216 inquisi-

592 1218 877 1293 tionem
919 1199 1330 1295 faciendam
1375 1237 1632 1296 nostro
1685 1244 1828 1323 pro
1881 1222 2308 1296 testimonio
2366 1217 2780 1293 transmisis-

582 1349 838 1416 semus
870 1323 1021 1402 fide
1060 1323 1413 1429 dignum3
1472 1328 1604 1433 qui
1657 1326 1956 1402 tandem
2003 1323 2275 1401 exinde
2328 1326 2421 1401 ad
2489 1351 2646 1399 nos
2673 1352 2781 1402 re-

587 1433 786 1518 uersi
846 1431 1061 1509 nobis
1111 1429 1585 1510 vniformiter
1627 1432 2086 1512 retuleruntt
2147 1419 2356 1536 quod
2407 1433 2550 1535 ipsi
2601 1430 2780 1508 feria

585 1558 849 1643 quarta
890 1543 1233 1645 proxima
1264 1559 1437 1665 post
1462 1538 1736 1616 festum
1769 1539 2089 1614 Paschae
2132 1540 2480 1629 Domini,
2541 1540 2780 1642 proxi·

583 1670 709 1722 me
758 1648 1283 1751 pineta-itum,
1338 1647 1415 1722 in
1492 1644 1871 1723 Comitatu
1934 1645 2290 1724 Tolnensi
2340 1644 2555 1722 simul
2616 1670 2778 1745 pro-

578 1751 922 1830 cedendo
982 1754 1078 1830 ab
1114 1753 1539 1851 omnibus,
1621 1751 1897 1858 quibus
1964 1751 2242 1829 decens
2291 1772 2369 1828 et
2428 1769 2782 1858 opportu-

572 1888 764 1944 num
799 1857 1099 1955 fuisset,
1156 1859 1534 1939 nobilibus
1569 1857 1916 1935 videlicet
1953 1878 2032 1936 et
2080 1859 2529 1961 ignobilibus
2576 1884 2777 1934 com-

574 1967 1160 2073 prouincialibus
1217 1968 1423 2043 dicti·
1470 1968 1888 2043 Comitatus
1960 1966 2474 2060 hominibus,
2542 1965 2781 2069 palam

577 2091 654 2151 et
690 2076 984 2152 occulte
1026 2076 1424 2180 diligenter
1463 2074 1918 2178 inquirendo
1962 2073 2189 2151 talem
2249 2074 2346 2149 de
2406 2072 2782 2150 infrascri-

574 2182 722 2286 ptis
762 2183 1146 2259 sciuissent
1200 2185 1628 2258 veritatem:
1706 2181 2116 2270 Quomodo
2179 2179 2600 2286 quondam
2597 2178 2781 2257 Ma·

576 2279 892 2388 gnificus
918 2291 1100 2384 Vir,
1156 2288 1522 2365 Dominus
1572 2288 1755 2392 Pipo
1807 2285 1899 2361 de
1946 2289 2249 2384 Ozora,
2322 2305 2398 2362 et
2456 2287 2782 2363 Domina

574 2392 899 2473 Barbara
946 2397 1270 2474 Consors
1300 2394 1679 2488 eiusdem,
1738 2420 1874 2501 per
1926 2393 2455 2501 Jobbagyones
2509 2412 2589 2470 et
2650 2420 2783 2500 po-

580 2503 795 2607 pulos
852 2508 930 2579 in
982 2487 1570 2609 possessionibus
1631 2502 1999 2607 ipsorum,
2058 2503 2306 2581 Ozora
2363 2501 2784 2607 praedicta,

583 2604 991 2700 Kerbew,
1020 2608 1382 2710 Wosyas,
1441 2628 1515 2685 et
1553 2607 1925 2714 Nemethy
1978 2615 2262 2689 vocatis
2311 2632 2786 2685 commoran-

586 2734 738 2810 tes,
792 2720 866 2793 in
912 2745 1106 2792 anno
1142 2719 1353 2831 cuius
1392 2718 1537 2791 lam
1572 2715 2019 2793 duodecima
2057 2721 2359 2795 instaret
2400 2714 2790 2792 reuolutio

581 2823 957 2914 annualis,
1015 2820 1589 2927 syluas,ter1as
1652 2824 2009 2919 arabiles,
2090 2843 2166 2900 et
2207 2841 2417 2931 prata
2468 2822 2793 2926 praefati

580 2931 1017 3008 Conuentus
1052 2930 1142 3006 ad
1177 2934 1711 3035 possessionem
1757 2935 1986 3056 ipsius
2038 2930 2333 3035 Gyanth
2396 2945 2748 3008 vocatam
2767 2973 2820 3023 ,-

580 3039 790 3115 omni
830 3039 875 3112 J
882 3065 1013 3114 ure
1052 3056 1498 3144 spectantes
1509 3057 1588 3116 et
1620 3041 2118 3145 pertinentes,
2151 3067 2294 3145 pro
2326 3063 2408 3114 se
2446 3039 2630 3143 ipsis
2659 3064 2792 3115 oe·

579 3151 841 3251 cupari
868 3202 889 3239 ,
945 3164 1020 3219 et
1055 3173 1193 3250 per
1232 3150 1429 3250 ipsos
1462 3146 1996 3252 Jobbagyones
2036 3170 2303 3222 eorum
2344 3146 2794 3248 praemissas

577 3270 814 3329 terras
858 3251 1167 3328 arabiles
1208 3256 1455 3358 perari
1491 3272 1570 3330 et
1602 3246 1990 3346 seminari,
2045 3253 2580 3358 praedictaque
2621 3279 2796 3357 pra-

578 3375 652 3435 ta
689 3359 996 3453 falcati,
1053 3379 1128 3436 et
1170 3361 1390 3436 foena
1450 3360 1716 3438 falcata
1766 3361 2130 3465 aspoitari
2176 3360 2569 3451 fecissent,
2632 3385 2794 3463 po·
2871 3447 2880 3452 ‚

583 3471 813 3544 tentia
844 3492 1107 3542 eorum
1146 3467 1560 3562 mediante,
1614 3469 1691 3543 in
1727 3468 2325 3573 praeiudicium
2306 3467 2536 3569 ipsius
2572 3466 2797 3542 Con-

582 3569 848 3651 uentus
883 3591 958 3649 et
986 3571 1338 3649 damnum
1389 3575 1604 3651 valde
1651 3602 1970 3680 magum.
2029 3578 2303 3652 Datum
2342 3576 2624 3677 quinto
2659 3571 2797 3648 die

579 3680 730 3757 diei
784 3681 1284 3786 inquisitionis
1324 3682 1769 3806 praedictae.
1831 3684 2050 3760 Anno
2100 3678 2402 3757 Domini
2455 3679 2800 3759 Millesi-

572 3815 704 3865 -mo
744 3789 1482 3896 quadringentesimo
1526 3791 1848 3892 nigesim
1887 3794 2129 3864 tertio,
2135 3794 2182 3829 “

656 3920 744 3981 Ex
777 3916 1071 4002 originali.

1497 4053 1865 4134 CCXXII.

674 4178 892 4236 iculum
922 4178 1206 4233 Ecclesiae
1237 4176 1561 4230 Coloe-meis
1593 4174 1965 4230 Laurentium
1999 4175 2258 4230 Comitem
2298 4177 2361 4230 de
2398 4178 2619 4231 Faessz
2641 4215 2661 4241 ,
2713 4193 2796 4227 ae

759 4274 1082 4350 complicas,
1124 4272 1593 4349 quipiocaeonm
1630 4275 1952 4326 conuentus
1997 4271 2412 4341 Crevisti-orum
2467 4273 2533 4325 de
2588 4269 2784 4325 Alba·
