2926 4849
706 462 852 538 763
943 502 948 507 ·

595 674 888 751 Nicolai
945 660 1569 772 Archi-Episcopi
1621 667 2101 762 Cance‘llarii,
2157 666 2588 747 Undecimo
2642 672 2799 746 Ca·

601 779 854 857 lendas
917 778 1298 855 Februarii
1354 801 1551 850 anuo
1602 775 1908 852 Domini
1962 781 2190 853 1365.
2236 779 2482 883 Regni
2537 799 2798 855 autem

523 962 528 971 ,
597 891 827 964 nostri
870 912 1065 962 anno
1108 890 1235 961 24.
1349 932 1350 937 κ

791 992 948 1070 Nos
982 994 1208 1093 igitur
1247 986 1707 1071 humillimis,
1762 1005 1840 1063 et
1873 983 2159 1065 devotis
2200 988 2796 1093 Supplicationi-

595 1099 733 1175 bus
798 1101 1352 1205 praedictorum
1405 1092 1728 1167 Conradi
1771 1094 2229 1196 Kitztnegel,
2286 1097 2662 1173 Andreae
2707 1098 2793 1172 de

594 1207 886 1298 Svitha‚
941 1204 1275 1280 Thomae
1326 1203 1687 1293 Kramer,
1746 1198 2091 1275 Andreae
2128 1203 2492 1297 Trelecb‚
2558 1209 2793 1280 Nico-

594 1316 685 1389 lai
730 1307 1368 1400 Altmansdorl'er,
1427 1325 1502 1382 et
1553 1307 1855 1380 ‚Ioannis
1893 1306 2072 1380 dicti
2121 1307 2429 1413 Huppel
2475 1312 2794 1386 Jurato-

593 1447 750 1498 ram
813 1420 1104 1493 Civium
1178 1417 1273 1491 de
1332 1416 1527 1491 dicta
1588 1416 1942 1504 Posonio,
2018 1417 2201 1509 suis,
2256 1436 2332 1492 et
2406 1421 2791 1519 personis,

596 1528 870 1631 quibus
916 1549 1162 1628 supra,
1203 1540 1458 1599 nostro
1505 1518 1823 1594 Culmini
1862 1546 2001 1624 per
2036 1521 2231 1622 ipsos
2277 1548 2514 1626 prece
2557 1525 2790 1599 subie-

594 1638 785 1710 ctiva
842 1630 1110 1709 oblatis
1168 1627 1678 1706 favorabiliter
1737 1625 2139 1716 exauditis,
2226 1645 2303 1704 et
2375 1631 2795 1707 clementer

594 1740 922 1817 admissis
960 1752 1493 1839 praeattactum
1518 1732 1993 1836 privilegium
2014 1733 2251 1836 Ipsius
2287 1737 2637 1812 condam
2662 1743 2793 1812 Do-

593 1850 774 1923 mini
805 1846 1168 1921 Ludovici
1215 1842 1438 1944 Regis
1482 1841 1713 1914 Patris
1749 1857 1823 1913 et
1860 1837 2119 1916 Soceri
2154 1846 2382 1918 nostri
2422 1843 2797 1920 Chai-issi·-

592 1958 698 2031 nii
753 1970 902 2030 non
958 1950 1360 2042 abrasum,
1420 1973 1567 2022 non
1628 1945 2155 2041 cancellatum,
2212 1951 2483 2025 necin
2541 1952 2792 2052 aliqua

593 2064 705 2137 sui
755 2077 968 2166 parte
1008 2059 1376 2138 vitiatum,
1432 2052 1560 2128 sed
1599 2078 1805 2126 mera
1846 2054 2207 2137 veritatis,
2265 2073 2342 2130 et
2374 2057 2788 2158 plenitudi-

591 2172 704 2243 nis
743 2166 1160 2270 integritate
1194 2160 1687 2266 praepollens,
1742 2160 2255 2261 piaesentibus
2292 2161 2386 2237 de
2418 2165 2673 2240 verbo
2703 2162 2791 2239 ud

591 2275 909 2350 verbum
959 2273 1119 2347 sine
1177 2269 1717 2356 diminutione,
1775 2281 1851 2340 et
1888 2285 2280 2366 augmento
2319 2268 2632 2370 aliquali
2693 2276 2791 2346 in·

591 2397 914 2473 sertum,
967 2376 1218 2483 quoad
1280 2399 1544 2452 omnes
1595 2394 1760 2448 suas
1813 2372 2350 2468 continentias,
2408 2376 2793 2455 Clausulas

593 2505 668 2563 et
703 2488 1074 2564 Articulos
1103 2501 1590 2586 acceptamus,
1626 2476 2150 2582 approbamus,
2194 2498 2271 2557 et
2311 2483 2786 2561 ratificamus.

591 2591 800 2668 Idem
845 2591 1312 2666 nihilominus
1340 2614 1435 2664 ex
1473 2602 1672 2662 certa
1721 2597 1967 2660 nostra
1998 2589 2299 2663 scientia
2340 2606 2420 2665 et
2470 2610 2791 2693 potesta·

590 2693 1224 2801 tis'plenitudine,
1285 2718 1378 2768 ex
1419 2693 1957 2794 consensuque
2007 2711 2082 2767 et
2141 2694 2614 2799 beneplacita
2671 2725 2790 2772 vo·

593 2805 909 2898 luntate,
986 2802 1509 2879 serenissimae
1570 2799 1931 2873 Dominae
1993 2801 2355 2904 Principis
2410 2804 2789 2879 Barbarae

591 2913 926 3014 Reginae
984 2905 1450 2985 conthoralis
1504 2907 1821 2980 Nostrae
1896 2906 2414 3002 charissimae,
2477 2912 2791 2987 Praela-

594 3036 845 3096 torum
880 3019 1144 3111 etiam,
1200 3032 1275 3089 et
1319 3016 1690 3088 Baronum
1739 3029 2164 3087 nostrorum
2205 3013 2540 3091 Consilio
2579 3046 2791 3123 prae-

593 3142 926 3219 maturo,
982 3150 1068 3197 ac
1113 3121 1469 3197 uniformi
1520 3120 1840 3193 Deci-eto
1898 3118 2333 3196 eorumdem
2378 3150 2525 3225 pro
2576 3127 2790 3201 dictis

555 3232 896 3308 ‘Civibus
943 3231 1210 3305 nostris
1251 3226 1347 3301 de
1396 3226 1755 3308 posonio,
1812 3225 2245 3301 eorumdem
2299 3226 2790 3308 Successori-

594 3337 734 3415 bus
771 3336 1128 3413 universis
1173 3334 1426 3424 simul,
1482 3355 1648 3407 cum
1694 3331 2153 3406 Libet-tatum
2205 3334 2785 3439 praerogativis,

595 3460 672 3521 et
734 3446 1003 3521 Gratiis
1048 3466 1135 3515 uc
1202 3439 1513 3516 Indultis
1570 3463 1789 3538 supra
1851 3441 1931 3511 in
2003 3440 2385 3516 tenoribus
2449 3447 2784 3522 eiusdem

523 3647 524 3650 Ἴ
589 3550 969 3658 limpidius
1007 3550 1404 3655 expressis,
1457 3564 1535 3621 et
1569 3548 1935 3624 contentis
1976 3547 2460 3641 innovantes,
2525 3578 2784 3656 perpe-

469 3733 474 3740 ,
590 3676 724 3736 tuo
759 3659 1198 3749 valiturum,
1255 3650 1778 3730 confirmamus
1818 3654 2216 3753 praesentis
2247 3655 2511 3757 scripti
2554 3678 2780 3733 nostri

589 3765 1020 3840 Patrocinio
1074 3762 1471 3837 mediante.
1567 3763 1649 3832 In
1705 3762 1915 3833 cuius
1967 3762 2075 3834 rei
2120 3763 2607 3857 memoriam,
2663 3764 2783 3839 fir·

593 3875 1077 3974 mitatemque
1122 3885 1555 3972 perpetuam
1604 3883 2023 3967 praesentes
2065 3868 2580 3945 concessimus
2631 3872 2780 3946 Lit-

592 3998 787 4057 teras
828 3996 1110 4052 nostras
1152 3972 1645 4075 Privitegiales
1686 3970 2075 4073 pendentis
2112 3972 2516 4051 authentici
2556 3976 2781 4079 Sigil-

593 4083 649 4160 li
703 4085 934 4161 nostri
981 4081 1347 4187 dupplicis
1397 4107 1555 4182 quo
1613 4077 1959 4154 videlicet
2015 4096 2095 4153 ut
2140 4082 2309 4155 Rex
2350 4081 2778 4188 [iungar-iae

593 4193 870 4269 utimur
914 4191 1315 4266 munimine
1360 4187 1768 4265 roboratas.
1842 4187 2115 4261 Datum
2160 4213 2301 4291 per
2336 4214 2602 4267 manus
2639 4196 2776 4267 Re-
