2926 4849
2116 471 2267 554 ⁵49

195 680 479 775 cunia,
510 683 671 764 siue
722 684 798 759 in
860 679 1079 780 vino,
1131 678 1356 761 blado
1410 681 1529 760 vel
1582 682 1742 761 aliis
1777 679 2377 786 quibuscumque

193 785 467 875 rebus,
515 788 879 882 aestimari
928 809 1013 892 et
1057 789 1364 897 pretiari
1411 788 1951 895 possibilibus„
1997 792 2379 896 quinqua-
2448 779 2458 788 ’

193 896 472 999 gesima
504 924 716 1001 pars,
771 924 907 974 seu
942 900 1600 1003 quinquagesimus
1632 897 2019 992 denarius,
2075 903 2380 1001 vtphta:

194 1001 296 1079 de
346 1002 889 1111 quinquaginta
932 1004 1244 1086 ‘flou-eni·
1294 1028 1525 1098 vnus3
1577 1002 1673 1080 de
1719 1003 1876 1080 aliis
1924 1028 2109 1079 vero
2139 1003 2379 1080 ‘rebus

190 1106 603 1189 mobilibus
650 1112 731 1187 in
776 1130 1079 1217 promto
1144 1112 1488 1214 repositis
1523 1167 1548 1207 ‚
1619 1128 1878 1215 vtputa
1923 1104 2389 1206 'Theman-ia,
2473 1155 2478 1156 f

189 1231 331 1294 aut
360 1217 697 1321 pecuniis
728 1218 822 1295 ad
864 1217 1119 1296 debita
1155 1220 1551 1307 mutuatis,
1607 1216 1701 1294 ad
1741 1215 2068 1293 valorem
2111 1216 2385 1292 iustum

188 1324 637 1421 aestimatis,
688 1324 787 1402 de
819 1324 1031 1403 mille
1067 1322 1371 1402 florenis
1405 1351 1631 1420 vnus,
1682 1341 1811 1400 aut
1849 1321 1980 1400 vbi
2015 1320 2215 1402 mille
2242 1320 2382 1399 sso-

186 1428 400 1507 renis
431 1432 674 1509 minus
708 1428 838 1511 aut
873 1435 1099 1536 magis
1143 1435 1540 1526 existeret,
1593 1427 2008 1508 secundum
2043 1428 2384 1506 aestima·

187 1539 477 1613 tionem
507 1535 1086 1636 condecentem3
1142 1540 1472 1645 exceptis
1511 1555 1759 1615 tamen
1796 1540 2058 1642 equis,
2115 1536 2381 1630 armis,
2517 1613 2520 1616 Α
2624 1538 2638 1552 “

186 1657 279 1721 et
314 1641 411 1718 ad
445 1669 533 1721 ea
580 1645 1089 1751 spectantibus
1122 1645 1563 1750 argentariis
1596 1642 1981 1723 ornatibus
2035 1659 2113 1719 et
2155 1645 2385 1720 vesti·-

185 1746 383 1844 hus,
436 1750 768 1855 quaead
805 1778 1157 1858 personas
1190 1779 1457 1831 eorum
1494 1767 1848 1858 spectant,
1904 1752 2089 1827 item
2126 1779 2171 1825 a
2211 1776 2387 1856 qua·

186 1855 385 1938 libet
425 1883 746 1962 persona
770 1915 792 1952 ,
836 1861 1089 1940 nullos
1125 1877 1376 1938 certos
1438 1876 1846 1963 prouentus
1894 1855 2207 1933 habente
2251 1879 2385 1930 sex

184 1960 489 2042 denarii
551 1963 837 2045 venales
883 1971 1318 2072 exigantur,
1381 1965 1483 2045 ad
1533 1964 2080 2067 congregandas
2130 1980 2206 2039 et
2257 1964 2381 2037 sti·

188 2068 651 2175 pendiandas
683 2091 940 2177 gentes
973 2071 1309 2166 ar'matas,
1367 2087 1444 2150 et
1490 2072 1587 2149 ad
1624 2072 1761 2148 alia
1808 2087 2233 2177 opportuna
2267 2093 2388 2146 re·

140 2277 145 2284 .
186 2175 447 2254 inedia
497 2175 970 2276 destruendi,
1025 2179 1451 2256 eliminandi
1479 2236 1504 2276 ,
1559 2198 1638 2257 et
1709 2176 2156 2281 exstirpandi
2212 2172 2386 2251 bae-

182 2289 478 2361 reticos
528 2303 997 2365 memoratos.
1118 2287 1429 2392 Nosque
1492 2284 1965 2361 aduertentes
2029 2300 2107 2358 et
2155 2282 2388 2359 oculis

185 2390 479 2470 nostris
536 2391 922 2470 visibiliter
959 2395 1499 2499 conspicientes
1538 2391 1916 2484 Oratores,
1973 2387 2391 2471 Ambassiu·

188 2516 405 2577 tores
458 2515 538 2576 et
599 2497 915 2604 Legatos
963 2502 1297 2578 omnium
1366 2500 1825 2604 Principum·
1851 2515 1930 2575 et
1975 2521 2388 2598 regnorum

176 2605 362 2683 fere
432 2604 660 2683 totius
717 2606 1318 2700 Christianitatis,
1405 2608 1486 2682 in
1536 2608 1703 2713 ipso
1763 2628 1979 2682 sacro
2048 2602 2388 2683 Concilio
2488 2628 2502 2647 ⁸

186 2710 647 2790 constitutos
667 2768 695 2808 ,
746 2732 1192 2816 praetactam
1237 2714 1469 2819 ipsius
1500 2715 1696 2790 sacri
1734 2708 2057 2807 Concilii
2097 2708 2391 2787 ordina-

189 2821 488 2907 tionem
531 2819 965 2898 nominibus
1013 2820 1443 2923 Principum
1500 2838 1577 2897 et
1625 2843 2069 2921 regnorum,
2122 2845 2168 2891 a
2209 2818 2389 2920 qui-

92 2962 97 2971 ·
188 2927 345 3002 bu·
382 2925 597 3021 missi-
638 2944 856 3023 sunt,
909 2926 1325 3009 affectuosis
1373 2923 1875 3002 voluntatibus
1912 2941 2383 3028 acceptasse3
2465 2950 2468 2955 ⁴

188 3029 760 3114 considerantes
816 3032 1286 3110 nibilominus
1343 3036 1583 3136 ipsum
1645 3033 1991 3133 Regnum
2049 3046 2386 3135 nostrum

189 3140 624 3244 Hungariae
658 3141 992 3235 vicinius,
1042 3139 1492 3243 grauiusque
1529 3137 1920 3214 insultibus
1957 3162 2106 3212 non
2142 3134 2388 3236 solum

190 3246 544 3353 ipsorum
588 3236 1135 3325 baereticorum
1162 3303 1185 3330 .
1240 3271 1498 3320 ver-um
1538 3248 1754 3343 etiam
1794 3243 2253 3329 Turcorum,
2308 3258 2387 3317 et

189 3353 522 3433 aliorum
564 3372 992 3431 nostrorum
1033 3352 1499 3433 aemulorum
1545 3349 2015 3456 perturbari,
2068 3365 2147 3426 et
2187 3347 2382 3425 lace-

188 3461 392 3552 rari,
446 3483 675 3564 quam
721 3462 863 3537 alia
914 3487 1142 3562 regna
1192 3462 1638 3554 remotiora,
1694 3485 1889 3563 quae
1941 3454 2038 3531 ad
2073 3481 2385 3533 eorum-

190 3565 376 3645 dem
438 3562 979 3644 baereticorum
1028 3565 1606 3646 destructionem
1675 3585 1753 3646 et
1804 3561 2385 3647 eliminationem

188 3667 617 3755 anhelando
643 3729 666 3766 ,
722 3673 1174 3779 praedictam
1238 3672 1789 3777 impositionem
1842 3689 1921 3749 et
1983 3668 2383 3746 ordinatio·

188 3804 376 3857 nem
416 3777 693 3856 nedum
732 3800 1147 3887 acceptare,
1201 3805 1465 3854 verum
1498 3781 1719 3859 etiam
1759 3777 1987 3881 magis
2016 3776 2170 3852 fieri
2205 3800 2381 3879 pro-

186 3911 468 3967 curare
527 3885 968 3989 cupierunt,
1024 3916 1171 3964 vna
1208 3912 1381 3962 cum
1432 3875 1768 3964 fidelibus
1805 3884 2070 3975 nostris
2122 3884 2384 3956 consi·-

188 3984 465 4084 liariis,
518 3994 908 4072 nobiscum
958 3996 1072 4073 hic
1125 3992 1647 4091 existentibus,
1700 4009 1988 4079 mature
2035 3989 2377 4091 superin-

192 4097 296 4177 de
347 4098 882 4205 deliberantes,
936 4101 1407 4181 decu-enimus
1454 4103 1767 4176 eandem
1827 4097 2384 4202 dispositionem

191 4223 458 4289 nostro
505 4221 582 4283 et
630 4211 840 4314 regni
892 4212 1122 4291 nostri
1183 4208 1604 4311 Hungariae
1643 4226 1721 4288 et
1759 4205 2068 4284 aliorum
2112 4227 2412 4307 regno-⁴
