2926 4849
2098 455 2243 530 ⁷45

173 682 339 757 tur,
397 666 528 766 qui
567 681 643 739 et
678 663 1037 767 populum
1060 718 1083 756 ‚
1141 676 1222 739 vt
1256 663 1789 767 praemittitur,
1846 662 1987 738 sub
2024 661 2355 767 dupplici

167 774 424 875 specie
464 771 1149 847 communicabunt.
1237 772 1327 846 Et
1367 767 1714 860 plebani,
1765 772 1825 843 si
1863 773 1995 873 qui
2043 768 2135 844 ad
2169 795 2353 872 pro-

165 881 367 983 prias
421 878 667 954 redire
713 903 904 953 -cum
966 878 1154 953 scitu
1213 896 1289 954 et
1340 902 1705 953 consensu
1759 876 2191 951 Dioecesani
2243 877 2356 963 sui

167 984 595 1077 voluerint,
653 984 1088 1078 parochias,
1144 982 1510 1088 populum
1563 983 1703 1059 sub
1763 1002 2075 1086 Vtraque
2109 984 2356 1086 specie

169 1090 873 1167 communicabunt:
931 1091 1063 1193 qui
1115 1088 1430 1193 populus
1494 1092 1599 1164 sic
1646 1089 2226 1166 communicabit
2279 1104 2356 1164 et

170 1198 251 1273 in
296 1197 525 1291 locis,
580 1201 657 1272 in
717 1195 988 1300 quihus
1039 1198 1363 1300 praefata
1421 1196 1859 1272 seruabatur
1904 1196 2357 1271 communio.

171 1304 399 1393 Quod
456 1305 519 1378 si
559 1331 707 1378 non
745 1302 1112 1395 fecerint,
1162 1328 1312 1376 non
1352 1319 1525 1378 sunt
1566 1300 1928 1379 tolerandi
1947 1332 1981 1398 3.
2024 1302 2155 1379 sed
2188 1301 2352 1393 alii,

169 1417 306 1515 qui
365 1410 504 1486 sub
559 1410 884 1514 dupplici
947 1412 1195 1514 specie
1249 1413 1924 1503 communicarent,
1991 1410 2361 1515 populum

170 1519 544 1610 laicalem,
619 1544 754 1618 per
804 1517 1386 1608 Dice-cesanum,
1456 1516 1575 1590 vel
1633 1515 1904 1612 alium,
1964 1517 2058 1592 ad
2127 1542 2359 1620 quem.

173 1627 545 1729 pertinet,
600 1624 674 1696 in
719 1623 884 1698 loco
922 1622 1214 1698 illorum
1252 1622 1768 1699 substituendi.
1823 1625 1932 1697 Ita
1975 1649 2112 1700 nos
2153 1642 2367 1698 teno«

174 1757 265 1808 re
309 1732 800 1835 praesentium
855 1733 1288 1807 affirmamus
1337 1747 1414 1805 et
1468 1728 1952 1830 pollicemur,
2005 1732 2079 1803 in
2120 1728 2364 1805 verbo

178 1841 545 1913 Caesareo
591 1832 942 1939 praefatis
1003 1835 1724 1931 AmbasciatoribuS,
1779 1864 1865 1912 ac
1910 1860 2140 1938 regno
2202 1838 2356 1911 Bo·-

181 1941 470 2021 hemiae
503 1961 574 2018 et
615 1940 1157 2018 Marchionatui
1194 1942 1270 2017 M
1282 1944 1603 2035 orauiae,
1665 1940 1870 2048 quod
1903 1945 1977 2016 in
2010 1942 2358 2019 omnibus

178 2069 259 2126 et
288 2049 589 2153 singulis
627 2051 1141 2153 suprascriptis
1181 2050 1517 2154 capitulis
1566 2077 1736 2124 cum
1776 2052 1880 2123 eis
1926 2048 2358 2124 remanebi-

178 2183 381 2249 mus,
455 2180 647 2260 quae
708 2155 905 2231 nulla
974 2160 1361 2232 occasione
1393 2212 1413 2247 ‚
1472 2182 1602 2232 seu
1660 2182 1971 2260 quoquo
2024 2158 2359 2256 quaesito

77 2278 90 2295 ·
181 2262 481 2357 colore,
551 2281 861 2367 propter
939 2259 1217 2364 aliquas
1277 2289 1396 2337 res
1450 2265 1865 2367 praemissis
1915 2262 2356 2344 contrarias,

181 2395 316 2447 seu
359 2371 574 2445 aliam
634 2395 1159 2474 quamcunque
1217 2367 1737 2471 obligationem
1784 2365 2359 2476 ‘quomodolibet

180 2478 712 2580 infringemus,
765 2502 895 2552 seu
935 2476 1231 2580 infringi
1270 2481 1798 2580 permittemus.
1903 2474 2059 2552 Sed
2110 2503 2197 2553 ea
2234 2475 2358 2551 efi-

184 2581 602 2660 fectualiter
677 2582 1281 2688 adimplebimus,
1387 2600 1467 2658 et
1532 2584 1919 2689 adimpleri
1979 2582 2355 2660 faciemus.

183 2695 348 2767 Imo
392 2690 786 2784 volumus,
842 2708 930 2766 vt,
959 2718 1096 2794 per
1140 2715 1277 2766 nos
1311 2703 1389 2764 et
1436 2710 1743 2769 nostros
1789 2712 2248 2768 successores
2282 2692 2357 2764 in

183 2798 518 2872 futurum
542 2817 911 2901 perpetuo
949 2796 1232 2896 singula
1266 2799 1370 2871 eis
1402 2814 1795 2876 teneantur
1831 2811 1910 2871 et
1947 2798 2162 2901 plene
2187 2824 2361 2873 con·

183 2923 598 2979 seruentur.
656 2905 962 3003 Nosque
996 2900 1194 3006 apud
1241 2927 1533 2978 sacrum
1575 2903 2030 2993 Concilium,
2085 2930 2172 2979 ac
2216 2902 2361 2977 Do·

182 3013 469 3092 minum
530 3028 869 3086 nostrum
908 3033 1278 3085 summum
1321 2999 1750 3086 Pontificem
1797 3026 1875 3088 et
1917 3007 2143 3101 alibi,
2197 3007 2360 3082 vbi-

187 3142 489 3218 cunque
533 3115 935 3221 expediens
969 3114 1234 3208 fuerit,
1293 3139 1592 3193 omnem
1636 3142 1940 3221 operam
1985 3132 2062 3224 et
2104 3141 2358 3192 curam

184 3222 727 3317 adhibebimus,
782 3237 863 3297 vt
897 3220 1204 3325 praefati
1242 3222 1532 3297 articuli
1569 3250 1783 3299 suum
1826 3222 2168 3298 effectum
2210 3248 2363 3298 rea-

184 3328 362 3405 liter
392 3332 812 3405 sortiantur.
887 3330 1046 3404 Nec
1083 3330 1157 3402 in
1198 3356 1429 3431 regno
1465 3346 1721 3406 nostro
1772 3344 1852 3405 et
1909 3327 2368 3404 Marchiona·

186 3453 276 3512 tu
308 3437 524 3512 aliter
558 3435 719 3511 fieri
753 3438 1283 3538 permittemus.
1325 3435 1524 3522 Quin
1549 3439 1697 3513 imo
1730 3438 1793 3513 si
1832 3435 1998 3539 quis
2014 3439 2364 3539 Regnum

189 3560 283 3624 et.
307 3541 906 3618 Marebionatum
942 3543 1018 3615 in
1063 3544 1147 3617 iis
1185 3538 1489 3618 turbare
1529 3541 2098 3645 quomodolibet
2133 3555 2367 3617 atten·
2403 3585 2407 3594 ·

185 3666 424 3742 taret,
475 3649 652 3752 ipsis
697 3674 845 3752 pro
899 3649 1339 3724 executione
1401 3650 1838 3726 eorumdem
1881 3646 2366 3725 effectualiter

187 3757 647 3848 assistemus,
719 3751 895 3828 dolo
948 3771 1027 3829 et
1073 3752 1335 3831 fraude
1390 3757 1855 3832 cessantibus
1898 3754 2365 3856 quibuscun-

187 3887 365 3964 que.
466 3861 973 3937 Praesentium
997 3862 1150 3937 ‘sub
1195 3876 1489 3938 nostrae
1523 3860 1934 3967 Imperialis
1972 3858 2369 3960 Maiestatis

183 3967 424 4070 sigillo
483 3967 907 4045 testimonio
955 3965 1383 4043 litterarum.
1491 3972 1762 4044 Datum
1820 3967 2366 4071 Albaeregalis‚

181 4075 415 4152 Anno
485 4076 779 4150 Domini
838 4073 1269 4166 millesimo,
1322 4075 2048 4179 quadringentesimo
2097 4073 2369 4175 trigesi-

117 4221 124 4227 ·
179 4207 311 4259 mo
347 4198 592 4259 sexto.
662 4182 803 4257 Die
850 4182 982 4256 vl.
1011 4181 1365 4258 Ianuarii.
1470 4184 1900 4285 Regnorum
1938 4199 2371 4284 nostrorum
