2926 4849
2182 421 2335 496 359

237 629 535 732 gitaoe,
594 623 781 701 hanc
819 622 996 714 tibi,
1052 624 1261 729 quod
1297 643 1376 701 et
1410 651 1548 704 nos
1589 625 1995 724 credimus,
2050 656 2093 729 a
2127 629 2290 707 Deo
2327 627 2444 702 dcv
2543 664 2553 677 ·

242 755 412 812 tam
447 757 647 825 esse,
701 749 786 812 vt
815 732 1105 810 animus
1141 734 1306 809 eius
1336 732 1870 838 tibi'perpetua
1916 753 1990 811 et
2026 734 2445 813 immutabi-

233 842 303 918 li
350 843 647 916 caritate
681 840 1023 941 iungatur
1054 837 1149 914 ad
1183 840 1776 917 conseruandam
1813 867 2073 946 pacem
2111 861 2183 917 et
2222 844 2447 947 quie-
2510 893 2517 898 =

240 965 421 1024 tem
458 945 783 1022 fidelium
834 962 913 1023 et
944 945 1490 1024 haereticorum
1541 947 1925 1051 perfidiam
1972 946 2431 1026 confunden-

242 1057 454 1131 dam.
511 1051 735 1142 Quod
778 1053 1568 1153 quoniam-nossalde
1620 1059 2000 1159 cupimu53
2057 1056 2449 1131 scribimus

243 1163 487 1241 etiam
529 1162 688 1262 regi
736 1157 1185 1243 wladislao,
1243 1161 1563 1264 qualiter
1607 1188 1748 1265 pro
1797 1163 1956 1240 eius
2011 1161 2451 1238 liberatione

245 1269 720 1371 requirimus
776 1267 1300 1343 sublimitatem
1365 1286 1587 1344 tuam.
1641 1269 1817 1345 Non
1868 1268 2330 1353 dubitamus,
2378 1283 2452 1341 te
2518 1347 2525 1354 „

248 1378 416 1453 hoc
479 1373 556 1445 in
621 1400 796 1449 casu
847 1374 1042 1468 eius,
1121 1391 1483 1475 quantum
1537 1378 1865 1480 poteris,
1946 1376 2456 1480 profuturum:

250 1501 353 1560 et
390 1505 734 1583 rogamus
765 1497 993 1588 atque
1031 1506 1415 1559 monemus
1446 1483 1814 1576 eundem,
1851 1500 1929 1558 vt
1965 1482 2302 1558 similiter
2336 1506 2461 1553 ve-

251 1591 361 1665 lit
400 1589 476 1661 in
511 1586 841 1691 negociis
872 1604 946 1663 et
975 1589 1536 1665 necessitatibus
1572 1591 1712 1667 tuis
1751 1587 1927 1690 erga
1960 1602 2036 1664 te
2079 1590 2238 1693 pari
2277 1588 2459 1663 affe-

256 1696 529 1772 ctione
564 1722 641 1769 se
673 1689 991 1779 habere,
1035 1714 1110 1770 et
1141 1697 1558 1798 specialiter
1586 1724 1635 1771 o
1657 1696 1903 1770 mnia
1976 1698 2066 1770 in
2088 1713 2115 1770 t
2137 1693 2239 1770 er
2293 1725 2336 1770 v
2363 1719 2463 1772 os

258 1799 632 1878 dudum
671 1820 1155 1878 conuenta
1202 1826 1651 1888 seruare,
1690 1820 1766 1880 et
1808 1804 1949 1877 alia
1983 1801 2198 1877 latius
2233 1801 2304 1876 ei
2345 1825 2461 1875 su-

259 1935 421 2016 per
453 1906 560 1983 bis
591 1906 1014 1999 scribimus,
1072 1927 1299 2013 prout
1341 1908 1626 1986 videbis
1673 1911 1747 1984 in
1809 1911 2024 2011 copia
2080 1908 2463 1982 literarum

258 2033 741 2111 nostrarum,
798 2043 1023 2119 quam
1063 2015 1195 2090 tibi
1247 2019 1599 2092 mittimus
1634 2019 1713 2091 in
1747 2012 1858 2091 his
1888 2018 2264 2092 inclusam.
2305 2015 2463 2088 Ro-

258 2139 539 2227 gantes
576 2124 1086 2197 celsitudinem
1128 2140 1368 2217 tuam,
1425 2141 1507 2198 vt
1538 2149 1678 2226 pro
1717 2122 2066 2199 tollendis
2112 2120 2464 2195 differen-

258 2232 406 2306 tiis
448 2230 790 2305 omnibus
824 2232 1021 2304 inter
1044 2253 1179 2304 vos
1215 2256 1312 2306 ex
1351 2248 1561 2334 parte
1598 2257 1730 2305 sua
1761 2229 2021 2336 facias,
2077 2254 2270 2335 quae
2314 2224 2471 2300 fieri

259 2337 669 2429 volumus,
726 2354 874 2411 tam
923 2335 1002 2409 in
1054 2334 1509 2412 destinandis
1570 2337 1854 2413 nunciis
1914 2355 1991 2414 et
2047 2334 2473 2414 oratoribus

262 2447 431 2521 tuis
465 2445 550 2518 ad
589 2445 945 2519 dilectum
980 2442 1205 2518 lilium
1244 2448 1583 2522 nostrum
1622 2445 2043 2536 sulianum,
2098 2441 2175 2518 S.
2234 2443 2474 2546 Ange·

263 2552 337 2628 li
376 2549 772 2626 diaconum
811 2548 1301 2636 cardinalem,
1359 2551 1832 2657 Apostolicae
1878 2550 2075 2645 sedis*
2109 2550 2473 2654 legatum,

266 2681 516 2764 quem
553 2657 648 2733 a‘l
684 2676 932 2761 partes
967 2659 1409 2753 Germaniae
1455 2660 2064 2751 transmittimus,
2116 2656 2211 2732 de
2266 2681 2474 2757 prae-

270 2768 483 2844 senti
517 2790 823 2869 quoque
870 2763 1143 2839 deinde
1196 2763 1290 2839 ad
1343 2792 1527 2857 nos,
1579 2767 1638 2841 si
1689 2765 1971 2871 legatus
2020 2789 2478 2866 componere
2521 2834 2527 2847 ,

267 2898 424 2947 vos
462 2901 609 2946 non
648 2887 887 2972 posset
920 2928 941 2963 ,
981 2873 1098 2945 vel
1126 2873 1674 2976 composituros
1708 2871 2192 2948 amicabiliter
2230 2888 2304 2945 et
2344 2895 2479 2973 per
2515 2942 2520 2951 ,

271 2980 482 3055 viam
518 2980 832 3054 iustitiae
869 2976 1089 3053 finem
1129 2981 1617 3081 imposituros.
1684 2975 1783 3053 Vt
1819 3004 1950 3053 vos
1991 2976 2177 3054 duos
2228 2978 2476 3052 catho-

271 3086 475 3163 licos
510 3111 762 3187 reges,
818 3087 1008 3160 sicut
1038 3103 1422 3190 optamus,
1480 3103 1556 3158 et
1599 3084 1899 3186 Vtrique
1954 3101 2282 3165 vestrum
2344 3110 2480 3159 ex·
2588 3092 2591 3095 ’
2695 3094 2699 3098 ’

273 3191 539 3299 pedit,
593 3209 667 3265 et
704 3190 1151 3267 Christianae
1193 3192 1697 3293 reipublicae,
1755 3196 1829 3267 in
1884 3210 2133 3267 sancta
2179 3190 2482 3268 caritate

275 3316 374 3377 et
433 3301 744 3375 amicitia
798 3298 1342 3374 confirmemus.
1423 3302 1707 3395 Datum
1754 3300 2037 3373 Romae
2087 3298 2287 3404 apud
2344 3293 2480 3370 SS.

279 3403 716 3508 Apostolos.
757 3406 880 3481 VL
918 3398 1230 3482 Kalend.
1295 3403 1681 3481 Februarii
1724 3405 2203 3483 Pontificatus
2252 3404 2483 3481 nostri

285 3539 498 3605 anno
530 3511 786 3587 XIV.“
2364 3550 2369 3553 ,

385 3642 567 3726 Apud
601 3640 972 3726 Dlugossum
1010 3644 1141 3707 Lib.
1183 3651 1286 3708 xl.
1333 3643 1454 3707 col·
1505 3648 1646 3708 568·
1691 3648 2008 3709 conuenta
2047 3667 2083 3705 a
2142 3641 2484 3707 Wladisluo

489 3742 781 3808 Poloniae
804 3766 949 3829 rege
982 3767 1112 3807 non
1148 3757 1421 3823 seruata,
1465 3768 1580 3830 per
1615 3758 1892 3810 oratores
1922 3743 2288 3832 sigismundi
2322 3743 2485 3828 apud

490 3854 824 3918 Martinam
856 3850 1086 3938 Papam
1119 3853 1538 3938 expostulata,
1573 3855 1823 3918 fuerant
1862 3854 2200 3939 dupplicia:
2234 3855 2482 3928 30,000.

487 3970 869 4022 armatorum
905 3960 968 4021 in
1001 3959 1332 4023 subsidium
1360 3960 1475 4022 sibi
1508 3961 1804 4024 mittenda
1845 3962 2112 4024 obtinuit
2146 3957 2490 4044 sigismun-

494 4062 611 4127 dus
664 4084 998 4148 nunquam.
1044 4062 1350 4127 Moldauia
1373 4108 1392 4140 ‚
1435 4085 1576 4125 cum
1610 4063 1881 4127 Vaiuoda
1915 4066 2044 4128 eius
2076 4074 2294 4127 contra
2324 4068 2485 4126 Tun·

490 4190 591 4231 cas
627 4166 885 4230 militare
913 4167 1250 4251 obligatus,
1295 4164 1460 4229 haud
1514 4166 1820 4248 paruerit,
1868 4166 2184 4252 partienda
2229 4167 2478 4242 fuissem
