2926 4849
557 531 713 600 406

445 768 534 821 su
575 739 914 816 Ciuitatis
953 754 1297 832 nostrae,
1351 737 1850 843 praescriptae
1883 733 2218 815 Szkalicz
2283 744 2403 815 17.
2456 735 2647 821 finos

447 849 654 940 auri,
686 846 1032 925 videlicet
1065 860 1350 924 tantum
1389 869 1563 919 cum
1593 870 1831 950 parua
1860 862 2166 924 moneta
2188 901 2210 941 ‚
2263 848 2458 923 sicut
2495 871 2644 949 pro

444 975 622 1034 tunc
655 953 846 1031 ssnus
877 959 1145 1030 aureus
1186 953 1642 1056 comparari,
1712 949 1834 1028 vel
1900 952 2125 1029 vendi
2161 951 2422 1058 possit,
2471 980 2647 1030 me-

381 1073 390 1078 ’
444 1064 641 1141 diam
691 1060 1038 1138 videlicet
1090 1073 1372 1165 partem
1426 1060 1915 1161 pecuniarum
1971 1063 2043 1134 in
2084 1060 2163 1133 F.
2223 1056 2303 1134 S.
2366 1060 2646 1165 Geotg.

443 1165 832 1249 residuum
895 1192 1079 1243 vero
1144 1169 1219 1241 in
1268 1165 1344 1238 F.
1402 1163 1478 1241 S.
1536 1165 1919 1241 Michaelis
1975 1165 2467 1270 Archangeli,
2541 1169 2646 1244 ita

446 1295 532 1352 vt
567 1277 880 1352 Victrici
921 1273 1246 1350 eiusdem
1289 1271 1582 1376 Hospit.
1642 1272 2356 1348 eandcm'summam
2405 1301 2647 1377 pecu-

444 1384 740 1460 uiarum
776 1379 851 1456 in
889 1379 1105 1455 Vsum
1139 1383 1472 1484 ipsorum
1510 1406 1916 1484 pauperum
1973 1374 2357 1476 hominum
2396 1376 2646 1456 diuer-

443 1487 644 1575 tere,
694 1488 1133 1590 modo'quo
1166 1484 1461 1560 meliori
1513 1489 1833 1586 possint,
1880 1484 2244 1580 debeant,
2288 1489 2646 1567 'volumus

449 1599 713 1680 etiam,
750 1614 825 1670 vt
867 1594 1018 1688 duo
1048 1620 1144 1669 ex
1186 1587 1614 1668 consulibus
1702 1592 2098 1669 raelibatae
2138 1594 2466 1669 Ciuitatis
2505 1624 2646 1672 no-

447 1724 640 1780 strae
688 1698 1057 1794 Szkalicz‚
1114 1696 1457 1803 prouidi,
1494 1715 1570 1772 et
1611 1621 1864 1776 idonei
1913 1702 2095 1793 viri,
2150 1701 2227 1774 in
2270 1701 2644 1798 Vitric08‚

451 1828 527 1886 et
563 1805 1121 1885 Gubernator-es
1151 1805 1308 1910 iam¹
1335 1804 1648 1911 praefati
1687 1793 2085 1916 Hospitalis
2123 1808 2524 1910 eligantur,
2548 1805 2644 1888 'et

452 1916 1038 1998 constituantur.
1064 1925 1069 1934 '
1097 1912 1229 2014 qui
1273 1914 1788 2018 suprascriptis
1822 1913 2272 2019 pauperibus
2312 1914 2640 1992 homini·

449 2024 593 2099 bus
639 2022 731 2097 de
775 2017 1218 2096 victualibus
1290 2025 1662 2125 ipsorum,
1746 2039 1823 2096 et
1887 2021 2306 2123 indigentiis
2375 2026 2640 2124 proui-

451 2129 724 2221 deant,
782 2145 858 2203 et
895 2125 1327 2230 disponant,
1380 2140 1611 2229 prout
1640 2129 1816 2229 ipsis
1851 2125 2311 2203 confidimus.
2367 2128 2451 2202 si
2499 2157 2644 2206 ve-

363 2249 386 2266 *
449 2262 542 2312 ro
575 2234 803 2311 iidem
842 2233 1155 2327 Vin-ici,
1209 2256 1346 2306 seu
1391 2229 1749 2308 Consules
1806 2234 2211 2339 Hospitalis
2266 2238 2644 2337 praescri-

449 2341 607 2450 pti,
681 2337 1018 2417 Ciuitatis
1076 2355 1372 2418 nostrae
1431 2340 1803 2445 praefatae
1866 2340 2203 2422 Szkaliez
2250 2341 2496 2439 deuii,
2571 2360 2648 2421 et

452 2448 938 2551 aliquomodo
974 2445 1216 2521 illiciti
1252 2445 1810 2523 Gubernatores
1848 2448 2011 2525 fore
2045 2448 2482 2543 videantur,
2521 2478 2648 2529 ex·

456 2573 639 2639 tunc
676 2556 859 2629 alios
903 2562 974 2627 2.
1012 2579 1105 2627 ex
1139 2548 1576 2628 Consulibus
1613 2552 1944 2632 eiusdem
1976 2556 2312 2633 Ciuitatis
2348 2576 2645 2635 nostrae

457 2661 825 2751 Szkalicz,
884 2655 1234 2767 prouidos
1275 2676 1350 2734 et
1390 2658 1702 2735 idoneos
1734 2661 1956 2738 Viros
1993 2665 2068 2740 in
2108 2663 2436 2741 Vitricos
2490 2665 2648 2743 Ho-

460 2766 740 2873 spitalis
764 2769 912 2844 iam
945 2790 1165 2869 saepe
1195 2763 1379 2841 dicti
1420 2766 1591 2844 loco
1620 2767 1957 2871 ipsorum
2003 2770 2311 2872 eligere,
2336 2787 2426 2861 „et
2464 2798 2645 2848 con·
2680 2760 2685 2765 ’

461 2876 766 2961 stituere
798 2871 1204 2967 debeant-
1227 2873 1373 2964 Qui
1405 2872 1577 2976 ipsis
1607 2875 2056 2980 pauperibus
2078 2874 2499 2953 hominibus
2539 2876 2647 2953 di·

458 2981 633 3065 uina
672 2982 910 3071 ⁴officia
950 2997 1298 3084 peragat,
1354 2978 1601 3058 eidem
1644 2970 2091 3079 Presbytero
2134 2981 2649 3065 molendinum

461 3089 699 3181 inter,
752 3108 828 3165 et
859 3090 936 3163 in
968 3087 1221 3164 medio
1251 3085 1594 3163 villarum
1630 3091 2091 3169 mot-auicalis
2122 3108 2198 3167 et
2244 3096 2647 3169 teutonica·

459 3193 595 3288 lis,
647 3197 976 3275 Prietrcz
1013 3209 1440 3293 vocatarum
1480 3197 1696 3271 situm
1751 3211 1829 3272 et
1884 3193 2255 3289 habitum,
2314 3199 2651 3278 similiter

411 3310 416 3315 ’
460 3304 698 3380 terras
753 3299 1109 3397 arabiles,
1186 3327 1426 3406 prope
1492 3299 1878 3378 Ciuitatem
1927 3322 2254 3381 nostram
2321 3302 2650 3383 Szkalicz
2702 3364 2705 3369 -

461 3425 672 3493 retro
725 3407 1105 3514 Capellam
1155 3405 1236 3482 S.
1295 3406 1602 3511 Georgii
1668 3404 2127 3496 adiacentes,
2217 3428 2293 3487 et
2348 3409 2649 3489 bortum

462 3540 597 3605 seu
648 3518 1066 3620 pomarium
1122 3515 1308 3591 citra
1334 3570 1357 3608 ,
1415 3531 1490 3589 et
1522 3532 1739 3590 ,retro
1792 3520 2334 3623 praescriptum
2384 3516 2650 3624 Hospi-

395 3662 402 3669 ·
461 3621 609 3703 tale
655 3622 1035 3719 habitum,
1087 3623 1290 3697 iuxta
1321 3621 1825 3701 Donationem
1857 3641 1933 3700 et
1986 3625 2473 3703 collationem
2518 3627 2648 3702 Pa·

463 3729 605 3807 tris
648 3731 885 3809 nostri
951 3727 1352 3806 charissimi
1407 3757 1483 3834 p.
1541 3756 1639 3801 m.
1699 3747 2126 3804 contentum
2195 3732 2650 3809 Litterarum

459 3861 760 3914 suarum
795 3836 937 3915 sub
975 3834 1213 3942 sigillo
1252 3836 1460 3915 consi
1515 3854 1849 3917 natarum
1895 3836 2408 3934 dedimus,'et
2465 3866 2649 3917 con·

459 3940 759 4021 tulimus
798 3945 1185 4038 effectiue3
1240 3944 1394 4019 imo
1422 3863 1724 4035 «fimus,
1767 3943 2202 4041 tribuimus,
2273 3962 2347 4022 et
2379 3946 2646 4024 incor-

451 4075 859 4159 poramus,
882 4070 1353 4156 perpepetuo
1404 4050 1851 4138 tenendum,
1887 4050 2348 4157 regendum,
2406 4074 2480 4131 et
2520 4081 2649 4158 gu-

449 4154 779 4235 nandum
813 4160 1326 4263 ²praesentium
1386 4154 1650 4241 harum
1700 4171 2125 4245 nostrarum
2189 4155 2647 4239 Litterarum

443 4265 699 4369 vigore
736 4264 1125 4346 mediante.
1179 4266 1383 4344 Dum
1423 4272 1667 4344 autem
1723 4263 2045 4344 eundem
2106 4265 2644 4371 Presbyterum
