2926 4849
622 459 776 529 304

510 667 830 745 fideliter
876 657 1312 765 exequenda
1353 678 1619 739 nostro
1656 689 1794 766 pro
1832 663 2249 740 testimonio
2297 659 2700 738 transmisi·

511 800 677 851 mus
714 770 860 848 fide
900 770 1249 875 dignum3
1305 771 1435 873 qui
1467 768 1765 848 tandem
1817 768 2084 845 exinde
2152 768 2241 842 ad
2307 797 2440 844 nos
2492 769 2702 844 redi-

454 929 459 933 ·
513 906 692 971 ens,
748 876 1005 978 retulit
1036 876 1180 954 isto
1208 874 1478 952 modo:
1536 875 1919 979 quomodo
2014 874 2305 951 mesatis
2334 877 2698 977 Magnifi-

513 1015 608 1065 co
646 984 1014 1060 Michaele
1051 979 1321 1073 Jakcb,
1383 981 1675 1058 Gemite
1722 906 2185 1075 Siculofium,
2241 1010 2325 1058 ac
2375 986 2708 1084 Egregiis

515 1091 857 1171 Ladislao
916 1090 1247 1166 similiter
1302 1085 1582 1183 Jakch3
1637 1086 1864 1166 fratre
1924 1090 2299 1183 eiusdem,
2354 1118 2493 1174 nec
2549 1118 2708 1168 non

513 1198 829 1279 Nicolao
873 1197 966 1272 de
1005 1194 1327 1291 warda,
1381 1195 1712 1273 secundo
1747 1195 1868 1271 die
1910 1197 2071 1272 festi
2116 1197 2710 1288 Circumcisionis

517 1295 825 1383 Domini
859 1305 1204 1411 proxime
1242 1303 1668 1407 praeteriti,
1725 1304 1803 1376 in
1849 1295 2240 1378 Ciuitatem
2289 1303 2713 1381 Zathmari-

519 1440 772 1490 ensem
797 1468 817 1507 ‚
875 1411 1196 1486 termino
1243 1408 1593 1486 videlicet
1630 1428 1706 1485 et
1747 1408 1915 1484 loco
1961 1438 2101 1514 pro
2133 1411 2594 1493 discussione
2635 1429 2713 1486 et

520 1515 1062 1594 deliberatione
1101 1517 1621 1617 premissarum
1656 1543 2043 1618 causarum
2086 1523 2417 1620 parcium
2463 1517 2697 1619 predi·

522 1642 853 1718 ctarum,
922 1650 1131 1700 mera
1180 1624 1384 1726 regia
1437 1620 1940 1707 authoritatis.
1976 1621 2335 1728 Magistro
2373 1627 2712 1701 Johanne

518 1728 754 1809 Jakcb
789 1732 1084 1811 Comite
1127 1724 1556 1805 Siculorum
1601 1747 1683 1804 et
1713 1728 2056 1805 Pelbarto
2112 1730 2207 1806 de
2252 1731 2713 1833 Kyswarada

523 1836 997 1930 absentibus;
1056 1853 1300 1911 tamen
1349 1835 1669 1938 predicti
1715 1855 2151 1914 executores
2198 1838 2716 1913 mandatorum

523 1949 748 2048 ipsius
790 1942 1089 2022 Domini
1144 1946 1379 2021 nostri
1435 1945 1634 2047 regis
1687 1953 2036 2047 presente
2098 1943 2298 2020 dicto
2353 1947 2713 2048 Magistro

525 2051 956 2157 Stephano,
1029 2066 1286 2127 nostro
1351 2052 1821 2143 testimonio,
1877 2050 2427 2156 praedictisque
2493 2054 2717 2157 parti·

526 2159 676 2262 bus·
712 2160 787 2232 in
829 2157 1290 2257 presenciam
1330 2161 1662 2261 ipsorum
1703 2160 2131 2234 conuocatis
2156 2213 2179 2252 ,
2237 2177 2313 2234 et
2367 2185 2718 2262 persona-

527 2266 706 2341 liter
764 2261 1322 2345 adherentibus,
1415 2267 2145 2367 prememoratisque.
2210 2266 2526 2343 Curibus
2620 2265 2718 2339 de

525 2369 811 2450 Riuulo
847 2370 1336 2451 Dominarum
1377 2379 1634 2451 contra
1672 2372 1916 2475 ipsum
1949 2370 2400 2451 Sandrinum
2425 2432 2445 2469 ‚
2484 2374 2714 2448 filium

529 2476 823 2580 Dragh,
882 2478 1268 2582 premissas
1303 2473 1627 2553 diuersas
1660 2477 2135 2579 allegationes
2167 2497 2240 2556 et
2276 2482 2717 2586 propositio-

530 2611 666 2661 nes
696 2609 972 2673 eorum,
998 2610 1255 2660 coram
1289 2583 1460 2687 ipsis
1501 2600 1578 2659 et
1629 2604 1888 2662 nostro
1937 2590 2356 2663 testimonio
2421 2613 2712 2692 propo-

531 2688 920 2784 uentibu83
990 2689 1284 2767 tandem
1339 2693 1414 2764 in
1472 2695 2006 2798 compositione
2061 2696 2495 2770 eorumdem
2559 2694 2724 2767 Ma-

480 2795 784 2902 ·*gnifici
851 2794 1239 2872 Michaelis
1297 2798 1609 2874 Comitis
1688 2798 2166 2895 Siculorum,
2256 2820 2330 2877 et
2401 2801 2725 2876 Ladislai

532 2900 821 2998 Jnkch,
871 2904 1120 2980 fratris
1157 2901 1525 2999 eiusdem,
1581 2932 1724 2983 nee
1784 2933 1936 2982 non
2004 2909 2227 3011 ipsius
2284 2909 2575 2983 Nicolai
2623 2906 2726 2983 de
2810 2902 2821 2913 ’

537 3008 863 3106 warda,
917 3030 993 3088 et
1021 3011 1338 3089 aliorum
1375 3013 1897 3089 nonnullorum
1937 3013 2344 3119 proborum
2390 3035 2465 3090 et
2511 3014 2729 3089 nobi-

536 3118 720 3209 lium
754 3120 1087 3199 virorum
1116 3145 1370 3194 eoram
1415 3120 1577 3218 ipso
1623 3121 1969 3221 Magistro
2023 3119 2423 3226 Stephano,
2469 3139 2729 3197 nostro

489 3225 1001 3311 testimonio,
1074 3224 1263 3299 facta
1312 3228 1893 3319 interueniente,
1948 3226 2038 3302 ad
2104 3230 2320 3304 tatem
2385 3231 2581 3334 pacis
2646 3247 2732 3303 et

541 3328 950 3409 concordie
1010 3330 1479 3408 deuenissent:
1544 3335 1927 3431 vnionem3
1984 3334 2189 3437 quod
2252 3352 2731 3438 praenotatus

541 3435 990 3533 SandrinuS,
1035 3437 1223 3513 filius
1271 3438 1538 3540 Dragh,
1582 3457 1658 3516 et
1698 3442 2064 3546 Georgius
2103 3438 2338 3517 frater
2368 3440 2730 3535 eiusdem,

542 3573 774 3622 onera
810 3564 966 3623 tum
1026 3563 1101 3629 et
1146 3548 1570 3649 grauamina
1625 3548 2139 3624 vniuersorum
2179 3550 2496 3624 (iliorum
2537 3566 2610 3623 et
2651 3549 2733 3622 fi-

541 3652 805 3728 liarum
840 3654 1212 3757 ipsorum,
1242 3653 1301 3727 si
1339 3678 1567 3756 vsque
1603 3655 1830 3729 vitam
1858 3654 2218 3732 dictoram
2263 3658 2552 3731 Pati-um
2592 3681 2729 3729 eo·

543 3756 886 3854 rumdem
936 3762 1012 3831 in
1044 3758 1476 3863 subscriptis
1506 3761 1898 3862 persistere
1934 3764 2238 3856 nollent,
2276 3789 2497 3867 super
2532 3789 2611 3837 se
2649 3779 2733 3837 et

547 3883 628 3939 et
658 3869 903 3941 omnia
943 3867 1141 3943 bona
1181 3868 1513 3970 ipsorum
1549 3868 1984 3943 assumendo
2012 3922 2031 3957 ,
2084 3897 2219 3972 per
2266 3869 2727 3969 eosdemque

548 3972 964 4063 confessum
1027 3975 1386 4051 extitisset
1435 3977 1715 4078 pariter
1765 3993 1841 4050 et
1888 3975 2243 4050 relatum:
2324 3973 2531 4078 quod
2584 3976 2733 4080 ipsi

547 4076 918 4181 praefatos
956 4080 1172 4161 Ciues
1207 4098 1284 4157 et
1333 4080 1860 4158 monthanistas
1905 4081 2156 4158 Riuuli
2200 4082 2730 4175 Dominarum,

553 4202 630 4262 et
665 4183 895 4276 Medii
931 4188 1253 4278 montis,
1307 4205 1450 4267 vna
1504 4214 1677 4300 cum
1738 4189 1831 4265 ad
1882 4191 2083 4294 ipsos
2130 4191 2728 4297 pertinentibus,
