2926 4849
2099 503 2249 591 1⁸10

163 702 483 784 tinentiis
538 701 997 809 quibuslibet
1033 704 1512 782 statuissent
1491 733 1654 813 Jure
1701 704 1838 784 sibi
1887 707 2347 787 incumbenti

161 830 530 919 perpetuo
560 810 1122 916 possidendam,
1177 813 1572 891 tenendam
1685 818 1911 892 ariter
1947 833 2022 892 et
2057 815 2343 895 haben-

165 921 375 1015 dam,
429 917 1040 1003 Contradictione
1103 919 1384 995 Nicolai
1443 920 1578 1023 fily
1633 841 1908 1025 gnepha
1914 923 2036 1018 ni,
2089 942 2167 1000 et
2203 926 2348 1001 Do·

166 1029 359 1104 mine
401 1026 625 1100 Clare
666 1029 1027 1104 consortis
1065 1024 1440 1102 Michaelis
1475 1029 1572 1104 de
1610 1027 2006 1107 soma-ew
2042 1047 2121 1107 et
2156 1029 2361 1107 alio·-

157 1162 320 1211 rum
381 1131 896 1232 quorumlibet
950 1158 1099 1211 non
1153 1130 1513 1212 obstante
1624 1137 1891 1213 Danum
1958 1155 2173 1214 sexu)
2220 1138 2347 1219 die

158 1242 301 1319 diei
337 1240 785 1318 statutionis
823 1255 1230 1364 prenotate.
1319 1242 1547 1317 Anno
1586 1240 1895 1321 Domini
1938 1242 2349 1333 Millesime

157 1348 902 1474 quadringentesimo
932 1348 1292 1451 vigesimo
1326 1376 1553 1428 nono
1585 1378 1696 1423 -.-·
1723 1345 2011 1440 Quibus
2045 1378 2346 1456 presan

156 1460 313 1534 tntis
375 1456 560 1556 quia
607 1477 707 1529 ex
761 1457 958 1532 serie
1020 1455 1425 1531 earundem
1473 1456 1882 1579 prescripti
1942 1459 2223 1563 Regius
2272 1476 2355 1537 et

156 1567 495 1640 annotati
528 1548 851 1667 Capituli
889 1561 1224 1641 homines
1273 1564 1595 1639 termino
1630 1566 1700 1637 in
1739 1562 2075 1668 praefixo
2110 1565 2203 1642 ad
2246 1564 2351 1642 fa·

157 1673 355 1747 ciem
401 1668 739 1774 predicte
771 1670 1248 1793 possessionis
1293 1669 1533 1771 Gely,
1595 1687 1671 1747 et
1702 1684 1846 1775 p'er
1884 1697 2355 1779 consequens

155 1778 534 1884 portionis
572 1776 1176 1883 possessionarie
1171 1774 1374 1852 dieti
1403 1777 1745 1855 condam
1781 1774 2083 1855 Aba-she
2128 1786 2356 1884 patris

157 1904 430 1991 utputa
464 1883 661 1959 dicte
701 1882 1003 1959 domine
1041 1880 1498 1960 Camerino
1475 1910 1555 1958 ln
1596 1884 1797 1961 dieta
1843 1886 2040 1986 Gely
2078 1885 2353 1979 habite,

154 1994 237 2068 ad
299 2017 546 2066 unum
613 2006 937 2068 aratrum
982 2015 1062 2066 se
1093 1988 1628 2083 extendentis,
1701 1994 2227 2071 commetaneis
2280 2012 2359 2077 et

153 2101 419 2176 vicinis
479 2094 810 2174 eiusdem
868 2097 1235 2173 universis
1300 2097 1489 2172 inibi
1544 2098 1566 2171 l
1667 2099 1909 2175 time
1927 2101 2356 2179 conuocatis

155 2204 829 2313 presentibusque,
884 2205 1289 2295 statuisset,
1348 2221 1428 2279 et
1484 2125 1794 2284 enam
1832 2231 2015 2283 eum
2071 2208 2361 2289 cunctis

152 2315 301 2390 suis
361 2310 806 2388 utilitatibus
869 2329 944 2388 et
989 2308 1450 2416 pertinentiis
1514 2312 1976 2413 quibuslibet
2022 2311 2355 2397 antefato

155 2419 547 2525 Stephano
582 2416 734 2495 filio
755 2417 1180 2512 Michaelis,
1238 2418 1848 2498 contradictione
1897 2419 2362 2525 prefatorum

156 2530 452 2606 Nicolai
511 2542 588 2604 et
645 2528 968 2602 Domine
1012 2526 1267 2617 Clare,
1325 2527 1796 2644 aliorumque
1852 2530 2362 2629 quorumlibet
2472 2599 2477 2610 .

158 2663 308 2713 non
352 2635 743 2730 obstante,
778 2636 981 2711 iuxta
1012 2636 1523 2756 prescriptam
1529 2651 1852 2709 nostram
1896 2632 2361 2720 iudiciariam

156 2745 763 2820 commissionem
818 2740 1148 2818 statuisse
1183 2736 1428 2816 lucide
1474 2741 2007 2845 reperiebatur.
2078 2745 2227 2818 Pro
2270 2771 2362 2822 eo
2450 2827 2451 2832 ,

156 2846 454 2926 dictam
478 2849 904 2956 portionem
961 2849 1611 2951 possessionariam
1673 2848 2004 2923 annotati
2043 2847 2356 2927 condam

157 2956 466 3033 Abrahe
511 2959 586 3032 in
632 2951 965 3058 predicta
1004 2952 1201 3054 Gely
1249 2951 1621 3045 habitam,
1680 2955 2009 3031 antefato
2050 2954 2356 3057 Stepha-

159 3088 266 3139 no
302 3064 534 3139 modo
580 3064 940 3184 premisso
990 3073 1323 3137 statutam
1360 3086 1533 3137 cum
1590 3063 1878 3138 eunctis
1918 3061 2070 3138 suis
2102 3059 2356 3142 vtilita-

157 3171 360 3247 tibus
400 3189 478 3246 et
526 3167 987 3274 pertinentiis
1024 3153 1408 3268 q'uibusvis
1443 3165 1695 3244 eidem
1746 3165 2123 3272 Stephano
2168 3173 2353 3248 suis-

157 3302 313 3380 que
374 3274 776 3352 heredibus
821 3274 1326 3374 relinquimus
1377 3312 2349 3338 ———————

159 3414 230 3569 ἱὲ
268 3380 1477 3569 ’ἒοῗὲζ““ἒ«ιῗέιῗὲῖ“ἑέἑῖὲὶἳῐ
1480 3399 1558 3459 ⁶²
1574 3379 2349 3568 ἒέιῖἰῗίηέῗῖῧῗὲἷ

158 3601 234 3674 In
290 3604 510 3675 cuius
574 3598 686 3672 rei
758 3593 1196 3671 memoriam
1261 3589 1836 3699 firmitatemque
1905 3614 2344 3699 perpetuam

161 3723 540 3809 presentes
593 3702 864 3780 litteras
910 3701 1230 3777 Nostras
1256 3702 1747 3806 priuilegiales
1802 3701 2227 3881 pendentisS
2225 3702 2344 3780 Si-

160 3814 306 3914 gilli
328 3810 592 3888 Nostri
632 3808 983 3886 autentici
1022 3809 1436 3885 munimine
1472 3811 1861 3887 roboratas
1897 3805 2227 3886 eidemS
2231 3827 2339 3888 te·

159 3920 399 4021 phano
430 3916 771 3994 duximus
808 3913 1343 3992 concedendas.
1427 3919 1711 3991 Datum
1756 3913 2002 3991 Budae
2039 3940 2339 4021 sexage-

157 4029 340 4104 simo
391 4026 514 4101 die
546 4042 972 4100 octauarum
1008 4021 1178 4098 sesti
1213 4021 1412 4097 beati
1448 4025 1762 4127 Georgy
1789 4023 2133 4125 martyris
2167 4052 2337 4131 pre·

159 4129 523 4210 dictarum
560 4156 757 4206 anno
798 4128 1082 4206 domini
1115 4127 1633 4205 Mcnxxlx.
1668 4127 2113 4234 supradicto.

240 4262 546 4348 originale
572 4283 668 4324 ext
649 4260 867 4322 istitin
896 4258 1232 4324 collection
1194 4280 1272 4321 ne
1307 4260 1437 4323 Nic·
1458 4265 1525 4324 Ja
1529 4257 1692 4323 nvko
1657 4259 1954 4416 debut·
