2926 4849
815 484 961 555 752

706 697 864 785 uit,
918 692 1273 793 deditque
1303 702 1394 764 et
1438 688 1733 764 realiter
1770 678 2206 793 assignauit3
2262 692 2437 771 ideo
2478 719 2594 769 nos
2615 694 2772 794 ipsum

707 801 1122 878 Dominum
1158 793 1815 899 Archiepiscopum
1849 794 1945 870 de
1983 794 2429 874 rebibitione
2464 796 2773 886 huiusmodi

706 934 881 983 auae
929 909 1287 1011 pecuniae
1330 918 1620 977 rectum
1663 901 1982 978 reddere
2017 905 2386 999 voi-entes,
2421 924 2491 981 et
2512 931 2771 989 securum,

710 1016 1206 1115 possessiones
1256 1026 1547 1083 nostras
1587 1009 1923 1110 regales,
2001 1009 2285 1086 Debtar
2347 1030 2424 1090 et
2479 1012 2695 1101 Patala,
2730 1014 2769 1082 in

704 1121 1076 1196 Comitatu
1121 1114 1652 1218 Neogradiensi
1689 1141 1890 1190 nunc
1933 1118 2134 1220 apud
2178 1145 2440 1195 manus
2479 1120 2646 1193 Petri
2673 1118 2767 1189 Rei·

703 1227 866 1304 chel
903 1227 996 1301 de
1034 1221 1550 1312 Machaifalva,
1606 1223 1681 1293 in
1717 1220 2011 1298 duobus
2053 1225 2374 1300 millibus
2402 1253 2485 1301 ac
2519 1227 2766 1328 quingen·

703 1334 794 1409 tis
839 1350 915 1410 et
968 1334 1346 1432 octoginta
1397 1326 1700 1402 florenis
1741 1332 1901 1402 auri
1958 1330 2506 1435 Hungaricalis,
2572 1361 2607 1404 a
2637 1326 2765 1403 nobis

702 1439 917 1518 titulo
950 1439 1279 1543 pignoris
1316 1431 1593 1510 habitas
1630 1452 1709 1508 et
1731 1437 2166 1530 existentes,
2201 1466 2386 1542 quas
2428 1443 2573 1542 ipse
2611 1434 2763 1509 Domi
2824 1482 2825 1485 =

699 1572 836 1622 nus
866 1544 1487 1648 Arcbiepiscopus
1523 1539 1618 1613 ab
1656 1538 1923 1616 eodem
1970 1541 2189 1619 Petro
2227 1541 2762 1647 Reycbelprohw

700 1651 1021 1729 iusmodi
1050 1650 1346 1727 duobus
1382 1646 1703 1720 minibus
1739 1665 1814 1723 et
1855 1653 2279 1754 quingentis
2338 1679 2425 1727 ac
2462 1650 2763 1748 octvaginta

699 1760 999 1836 florenis
1042 1756 1200 1833 auri
1237 1752 1604 1830 redimere
1642 1752 1992 1851 debebit,
2048 1759 2265 1830 sunu!
2314 1785 2476 1835 cum
2516 1751 2763 1832 minensis

695 1870 1027 1972 ipsarum
1063 1860 1496 1941 vtilitatibus
1532 1878 1608 1934 et
1645 1863 2110 1962 pertinentiis
2150 1865 2625 1962 quibuslibet,
2650 1881 2764 1962 quo·

697 1977 814 2050 u‘is
856 1973 1176 2071 nominis
1216 1965 1590 2044 vocabulo
1629 1969 1966 2043 vocitatis
1995 2022 2016 2061 ,
2070 1966 2164 2043 ad
2208 1971 2502 2046 easdem
2560 1969 2635 2044 de
2662 1969 2761 2039 iure

689 2080 1197 2187 spectantibus
1237 2093 1317 2152 et
1367 2077 1743 2177 perti-nere
1790 2074 2290 2172 debentibus,
2349 2078 2643 2182 praefato
2673 2073 2762 2144 Do·

692 2193 900 2283 mino
946 2184 1277 2289 Georgio
1341 2179 1929 2285 Arcbiepiscopo
1958 2234 1982 2271 ,
2043 2201 2193 2258 tam
2252 2212 2398 2289 pro
2465 2176 2762 2289 praemissis

685 2295 894 2371 mille
915 2293 1212 2369 florenis
1251 2288 1435 2365 Auri
1479 2314 1614 2389 per
1645 2289 1889 2390 ipsum
1913 2289 2320 2367 Dominum
2358 2287 2761 2391 Archiepisoe·

685 2431 917 2510 pum,
977 2417 1054 2477 vt
1086 2396 1626 2504 praemittitur,
1666 2392 1881 2470 nobis
1909 2420 2004 2470 ex
2048 2424 2251 2474 nuuc
2294 2397 2500 2492 datis,
2532 2414 2595 2472 et
2624 2412 2761 2466 aceo-

694 2510 1049 2601 medatis,
1108 2534 1332 2608 quam
1367 2504 1589 2580 etiam
1631 2526 1775 2605 pro
1817 2506 2292 2605 praescriptis
2330 2505 2593 2583 duobus
2628 2493 2761 2574 mini·

689 2616 831 2690 bus
887 2641 969 2690 ac
1031 2614 1454 2714 quingentis
1500 2627 1576 2683 et
1623 2610 2042 2710 octuaginta
2099 2610 2407 2689 florenis
2467 2608 2641 2699 auri,
2679 2623 2760 2705 pro

692 2722 966 2824 quibus
1045 2716 1246 2792 idem
1306 2716 1667 2789 Dominus
1724 2714 2403 2822 Archiepiscopus,
2498 2734 2566 2791 vt
2620 2731 2758 2812 prae·

688 2829 964 2919 fertur,
1038 2849 1085 2899 a
1142 2822 1481 2899 manibus
1544 2817 1718 2897 dicti
1779 2820 1971 2895 Petri
2020 2824 2379 2922 michel,
2464 2815 2761 2928 possessio·

690 2962 823 3012 nes
911 2948 1380 3039 praenotatas
1440 2927 1811 3003 redimere
1887 2928 2153 3024 debe-t,
2229 2932 2371 3039 qui
2442 2930 2670 3007 scilicet
2717 2919 2760 2990 in

693 3060 853 3117 toto
886 3042 1061 3116 etin
1096 3039 1309 3113 simui
1337 3035 1887 3139 computande,
1926 3032 2203 3113 faciunt
2227 3043 2370 3113 tria
2411 3034 2605 3112 millia
2630 3025 2760 3132 quin·
2822 3027 2823 3040 ’

663 3167 948 3253 gentos
973 3165 1056 3220 et
1102 3148 1515 3246 octoaginta
1553 3141 1876 3216 florenos
1919 3148 2076 3218 auri
2122 3143 2648 3247 Hungaricales‚
2688 3129 2758 3234 pi·

692 3256 903 3359 gnori
939 3252 1288 3328 duximus
1335 3246 1789 3351 obligandos.
1852 3249 2011 3321 Imo
2059 3249 2466 3356 obligamus
2516 3266 2582 3323 et
2616 3234 2758 3340 impi·
2822 3315 2823 3322 ,

690 3386 1086 3466 gnon-amus
1130 3357 1254 3431 tali
1307 3355 1541 3431 modo
1567 3411 1587 3447 ,
1657 3354 1864 3456 quod
1923 3356 2520 3461 quandocunque
2556 3375 2657 3426 nos
2689 3334 2754 3414 '0¹

572 3529 576 3536 .
690 3468 932 3541 nostri
975 3490 1476 3555 successores,
1530 3463 1777 3563 Reges
1814 3461 2101 3538 scilieet
2137 3463 2586 3568 Huugariae‚
2628 3467 2753 3558 pm

689 3573 919 3648 dictas
967 3574 1471 3678 possessiones
1517 3567 1830 3662 Dehtar,
1887 3587 1965 3645 et
2010 3571 2220 3644 Patak
2258 3599 2297 3644 a
2351 3557 2755 3675 praefatum

689 3683 894 3754 mino
954 3677 1538 3782 Archiepiscopo
1588 3673 1955 3750 redimere
2009 3676 2492 3767 voluerimus,
2550 3691 2651 3746 seu
2679 3682 2754 3731 *θ’

687 3787 988 3877 tuerint,
1010 3801 1287 3862 extunc
1319 3784 1476 3886 ipse
1498 3777 1846 3858 rehabitis
1883 3782 2093 3858 dictis
2114 3784 2262 3858 suis
2290 3779 2607 3887 pecuniis,
2636 3770 2753 3878 ἱρῡξ5

682 3895 1185 3995 possessiones
1228 3906 1515 3964 nostras
1573 3914 1745 3963 cum
1803 3890 2102 3992 singulis
2171 3894 2484 3993 ipsarum
2535 3875 2752 3985 vtilitatf·

685 3999 820 4075 bus
857 3998 1352 4103 praenotatiS,
1412 3991 1624 4070 nobis
1668 4019 1799 4068 seu
1846 3993 2057 4070 dictis
2090 3999 2361 4072 nostris
2413 3997 2750 4070 successorl·

678 4104 858 4199 bus,
916 4109 1343 4192 remittere,
1388 4120 1465 4176 et
1504 4101 1878 4204 resignare
1918 4100 2187 4177 debeat
2221 4121 2293 4178 et
2331 4113 2642 4178 teneatur,
2668 4082 2748 4157 Δί·

671 4213 1033 4289 sumimus
1071 4210 1543 4287 nibilominus
1583 4225 1841 4283 nostro
1877 4226 1949 4284 et
1992 4208 2418 4286 eorumdem
2455 4211 2747 4281 success&
