2926 4849
2166 426 2316 494 503

1103 644 1511 723 ccxxnl.

211 790 529 865 &spiculum
562 788 836 849 Albense,
881 791 1174 863 Georgium
1207 793 1272 845 de
1303 790 1603 862 Man-2301
1655 787 1735 841 ad
1756 789 2151 860 praesentiam
2187 773 2415 857 palati-

408 887 588 941 nalem
625 900 911 940 caveosum
947 887 1141 960 resen.
1182 888 1249 939 A.
1295 884 1455 940 1433.
1561 893 1570 902 “

408 998 1042 1100 MagnificoViro
1069 1052 1089 1087 ‚
1148 1000 1463 1075 Nicolao
1496 997 1593 1074 de
1634 1001 1828 1075 Gara
1858 1052 1878 1087 ‚
1936 997 2151 1100 regni
2193 994 2411 1068 Hun-

208 1106 459 1207 gariae
506 1107 830 1181 Palatino
880 1124 958 1179 et
1010 1104 1255 1179 Judici
1314 1111 1876 1198 Cumanorum,
1961 1107 2280 1180 Domino
2339 1116 2416 1174 et

208 1214 484 1287 Amico
540 1239 801 1288 eorum
835 1209 1325 1306 honorando,
1380 1215 1806 1317 Capitulum
1865 1214 2234 1287 Ecclesiae
2275 1205 2414 1280 ΑΙ-

188 1320 461 1394 ὴεηεὶε
501 1322 916 1395 amiciciam
947 1339 1273 1423 paratam
1316 1348 1486 1396 cum
1520 1318 1829 1396 honore.
1888 1321 2149 1394 Vestra
2186 1340 2414 1389 noue·-

205 1426 315 1502 rit
343 1424 897 1528 Magnificentia
922 1479 945 1514 ,
1000 1427 1209 1527 quod
1243 1454 1412 1501 cum
1456 1454 1591 1502 nos
1626 1428 1946 1530 receptis
1992 1425 2223 1506 literis
2269 1449 2412 1495 ve-

207 1535 387 1608 stris
429 1523 867 1608 euocatos-iiia
913 1562 1053 1633 pro
1103 1533 1501 1609 Conuentu
1546 1533 2111 1610 Crucifemrum
2153 1526 2409 1605 Eccle-

205 1641 358 1715 siae
385 1639 593 1713 Beati
628 1641 824 1743 regis
871 1638 1223 1741 Stephani
1258 1640 1355 1714 de
1395 1641 1628 1734 Adba,
1664 1629 1928 1716 eontra
1968 1637 2407 1740 Georgium,

202 1745 445 1821 fitium
486 1747 822 1847 Dyonisii
857 1748 1043 1821 Bani
1077 1748 1171 1823 de
1221 1744 1643 1847 Marchaiy,
1693 1747 2055 1822 confectis
2101 1764 2177 1820 et
2210 1769 2407 1818 ema·

205 1854 439 1945 natis,
497 1849 865 1956 nobisque
896 1853 1386 1930 amicabiliter
1435 1854 1777 1944 directis,
1833 1856 2041 1927 iuxta
2096 1876 2403 1952 earum-

204 1957 382 2035 dem
418 1960 1000 2051 continentiam,
1056 1988 1198 2034 vna
1241 1985 1416 2035 cum
1474 1957 1816 2037 Ladisiao
1846 2015 1867 2053 ,
1921 1955 2075 2036 filio
2118 1957 2403 2034 Emeri-

203 2069 277 2141 ci
307 2067 402 2140 de
438 2066 711 2142 Welek
737 2123 758 2155 ,
812 2063 1113 2142 homine
1142 2085 1405 2158 ,vestro
1437 2067 1637 2141 inter
1675 2065 1857 2143 alios
1889 2067 2223 2143 homines
2256 2064 2399 2138 Ve-

196 2192 392 2250 sti-os
440 2177 903 2275 conscriptos
940 2163 1372 2248 nominatim
1407 2199 1813 2277 expresso,
1873 2189 2205 2250 nostrum
2251 2171 2402 2246 ho-

196 2283 477 2356 minem
517 2279 866 2357 videlieet
906 2279 1360 2365 Johannem.
1419 2279 1650 2355 Chori
1679 2279 2064 2364 Ecclesiae,
2093 2297 2397 2356 nostrae

198 2388 611 2484 Cierieum,
669 2388 764 2464 ad
815 2389 1358 2493 infrascriptam
1400 2392 1919 2465 euocationem
1980 2386 2400 2463 faciendam

194 2512 460 2571 nostro
521 2522 660 2595 pro
709 2497 1126 2572 testimonio
1170 2496 1814 2585 transmisissemus
1849 2493 1994 2572 fide
2049 2491 2394 2596 dignum,

194 2604 327 2706 qui
370 2601 667 2679 tandem
705 2603 974 2691 ezinde
1011 2601 1103 2677 ad
1139 2630 1276 2682 nos
1309 2605 1627 2697 reuersi,
1664 2601 1883 2679 nobis
1917 2601 2394 2678 concorditer

191 2710 666 2799 retulerunt,
723 2709 931 2807 quod
975 2710 1425 2813 praelibatus
1466 2708 1696 2787 homo
1732 2728 2006 2803 vester,
2050 2735 2394 2813 praesen-

188 2832 268 2891 te
300 2818 446 2890 iam
482 2813 681 2891 dicto
728 2819 1149 2892 testimonio
1196 2836 1480 2910 nostre,
1518 2818 1700 2901 feria
1751 2817 2014 2919 quinta
2048 2819 2394 2920 proxima

181 2939 360 3026 post
417 2923 689 2998 festum
732 2922 1051 3000 Paschae
1116 2926 1424 2998 Domini
1487 2925 1829 3026 proxime
1876 2924 2389 3026 praeteritum,

183 3046 681 3106 memoratum
714 3030 1169 3133 Georgium,
1225 3028 1462 3105 filium
1500 3030 1849 3132 Dionysii
1885 3030 2072 3105 Bani
2094 3082 2115 3121 ‚
2169 3032 2248 3102 in
2284 3028 2390 3104 fa-

53 3184 65 3204 .
181 3139 299 3211 eie
353 3137 721 3239 portionis
778 3163 955 3213 suae
1020 3136 1638 3241 possessionariae
1670 3193 1695 3233 ,
1796 3138 1875 3211 in
1922 3137 2384 3240 possessione

178 3241 434 3320 Mai-os
491 3260 759 3319 vocata
807 3242 1095 3321 habitae
1121 3299 1146 3339 ,
1229 3242 1319 3319 ad
1374 3270 1463 3320 ea
1484 3299 1507 3338 ‚
1564 3269 1759 3348 quae
1818 3243 1896 3319 in
1958 3239 2385 3347 praemissis

174 3349 413 3425 literis
453 3351 715 3425 vestris
773 3353 1221 3431 euocatoriis
1275 3351 1775 3447 denotantur,
1845 3374 2386 3455 responsurum

175 3472 910 3533 eontra·annotatum
947 3460 1425 3536 Conuentum
1451 3456 2016 3535 Cruciferorum
2052 3454 2143 3530 ad
2186 3472 2380 3547 octa·

174 3589 310 3641 uas
344 3562 512 3639 festi
561 3564 647 3641 B.
701 3565 1011 3669 Georgii
1056 3568 1408 3668 Martyris
1451 3591 1653 3641 nune
1703 3567 2040 3656 venturi,
2097 3564 2175 3636 in
2225 3560 2380 3636 Ve-

171 3687 374 3746 strae
421 3668 1022 3772 Magnificentiae
1056 3673 1553 3778 praesentiam
1615 3688 2017 3750 euocasset.
2103 3668 2378 3744 Datum

170 3792 396 3854 sexto
432 3774 552 3852 die
584 3780 1040 3856 euocationis
1074 3796 1246 3858 ante
1283 3778 1543 3858 dictae.
1599 3776 1834 3857 Anno
1879 3776 2183 3855 Domini
2221 3773 2377 3852 M-o

170 3882 819 3961 cnxxxnl-of‘

263 4019 316 4081 Β·
346 4013 707 4083 membrana
751 4015 1048 4102 originali.
