2926 4849
613 497 765 609 204

499 704 818 801 salute,
797 733 874 780 ιιι
910 723 1357 810 perpetuam
1390 702 1936 781 Eleemosinam
1974 704 2226 797 dandi,
2262 701 2697 781 adscriben-

504 813 626 907 di,
683 810 1170 904 conferendi,
1223 831 1301 888 et
1342 808 1877 916 perpetuandi,
1932 829 2009 887 et
2047 810 2477 911 eisdemque
2515 834 2698 915 pos-

501 917 960 997 sessionibus
998 920 1241 997 dictae
1273 921 1671 1023 Capellae,
1729 918 2059 995 eiusdem
2096 920 2407 994 Rectori
2440 936 2518 993 et
2557 920 2702 993 Mi-

496 1029 746 1111 nistris
776 1052 916 1128 per
951 1030 1193 1131 ipsum
1233 1029 1310 1102 in
1352 1027 1615 1102 eadem
1654 1025 1952 1131 Capella
1989 1026 2471 1118 instituenda,
2525 1051 2697 1127 pro·

499 1153 585 1211 ut
621 1160 799 1211 suae
837 1134 1202 1236 placuerit
1266 1134 1630 1210 voluntati
1689 1132 2172 1234 disponendi,
2231 1130 2563 1237 plenam,
2620 1150 2701 1208 et

502 1241 1009 1318 omnimodam
1055 1242 1328 1317 habeat.
1371 1238 1814 1316 facultatem.
1872 1241 2006 1316 Illa
2046 1260 2288 1316 tamen
2304 1239 2703 1316 conditio-

493 1376 593 1426 ne
643 1376 782 1453 per
818 1375 1262 1453 expressum
1285 1351 1598 1442 inserta3
1639 1347 1839 1450 quod
1880 1350 1938 1421 si
1967 1367 2042 1425 et
2088 1346 2698 1454 quandocunque

493 1483 636 1532 nos
665 1458 814 1530 vita
834 1457 1124 1531 Comite
1144 1458 1615 1556 praemissam
1644 1457 2175 1559 possessionem
2194 1453 2493 1531 Solmos
2523 1479 2701 1535 cum

493 1562 684 1638 villis
717 1577 796 1637 et
833 1562 1266 1639 Vtilitatibus
1304 1566 1449 1640 suis
1489 1563 1939 1667 praenotatis
1964 1562 2116 1638 ab
2096 1588 2262 1666 ipso
2305 1562 2699 1665 Episcopo,

493 1692 627 1746 seu
665 1671 992 1747 Rectore
1042 1689 1118 1746 et
1139 1673 1492 1749 ministris
1526 1670 1857 1745 eiusdem
1898 1669 2225 1773 capellae
2266 1696 2405 1773 pro
2441 1684 2694 1747 nostra

499 1778 889 1854 Maiestate
931 1780 1273 1903 recipere
1314 1797 1391 1853 et
1435 1778 2007 1880 reappropriare
2055 1777 2459 1869 vellemus„
2515 1792 2700 1850 tunc

497 1908 652 1959 non
676 1886 890 1960 aliter
920 1887 1062 1961 nisi
1099 1896 1240 1989 'pro
1262 1885 1526 1961 talibus
1559 1883 1718 1959 aliis
1740 1880 2327 1986 possessionibus
2374 1879 2696 1960 omnino
2756 1880 2771 1896 ⁴

493 1990 778 2067 eisdem
841 1992 1530 2093 aequiualentibus,
1606 1986 1700 2065 de
1765 1990 2038 2090 quibus
2092 1990 2372 2067 scilicet
2429 1987 2693 2089 viginti

494 2101 833 2202 quinque
866 2127 1038 2173 vasa
1082 2101 1232 2175 vini
1261 2119 1344 2175 et
1384 2099 1747 2185 ducentae
1791 2098 2147 2200 Capeciae
2206 2097 2498 2200 Erugum
2526 2149 2549 2188 ,
2602 2122 2697 2171 ac

488 2208 871 2305 sexaginta
891 2204 1216 2281 florenos
1252 2232 1497 2281 nouae
1520 2224 1831 2282 nostrae.
1856 2223 2194 2281 monetae
2226 2231 2367 2307 per
2388 2219 2695 2280 centum

488 2311 835 2387 denarios
866 2352 908 2406 ,*
947 2340 1088 2415 pro
1124 2330 1465 2417 tempore
1498 2330 1906 2402 currentes,
1941 2309 2446 2415 computando
2472 2366 2501 2405 ,
2525 2308 2697 2384 abs·

489 2446 646 2522 que
679 2417 833 2495 aliis
869 2419 1360 2523 proventibus
1402 2420 1841 2496 muneribus
1877 2435 1952 2494 et
1986 2420 2309 2496 seruitiis
2347 2417 2441 2495 de
2482 2439 2695 2525 prae-

488 2527 783 2626 scriptis
818 2528 1443 2629 possessionibus,
1500 2543 1578 2603 et
1630 2531 1789 2602 eius
1831 2525 2366 2605 habitatoribus
2405 2549 2695 2630 proue-

483 2635 649 2708 nire
687 2634 959 2727 solitis,
1014 2661 1111 2710 ex
1157 2662 1310 2738 quo
1341 2634 1724 2712 modernis
1770 2635 2230 2734 temporibus
2267 2632 2427 2707 talis
2485 2630 2691 2708 modi

485 2740 747 2840 viginti
811 2745 1152 2844 quinque
1213 2741 1401 2817 Vasa
1453 2743 1675 2834 Vini,
1778 2758 1855 2818 et
1908 2741 2271 2818 ducentae
2329 2738 2691 2844 Capeciae

484 2846 832 2949 frugum,
867 2873 956 2923 ac
990 2853 1368 2949 sexaginta
1408 2849 1861 2925 florenorum
1894 2876 2035 2954 pro
2077 2867 2423 2941 centum,
2457 2845 2552 2922 de
2586 2846 2691 2924 di-

486 2969 606 3028 cta
646 2957 1112 3056 possessione
1153 2955 1449 3033 Somlos
1488 2974 1583 3032 et
1594 2958 1736 3032 suis
1777 2955 2281 3060 pertinentiis,
2340 2977 2695 3059 promon-

479 3059 842 3165 tot-‘inque
905 3082 979 3137 et
1042 3062 1438 3140 territoriis
1480 3067 1977 3187 praenotatis,
2055 3081 2135 3139 vt
2193 3062 2694 3137 communiter

483 3172 858 3242 annuatim
891 3174 1411 3272 ptouenient,
1403 3188 1573 3244 aut
1631 3170 1919 3247 natione
1977 3168 2259 3245 domini
2319 3166 2695 3244 terrestris

480 3288 800 3400 possunt
836 3279 1284 3378 prouenire,
1323 3297 1451 3353 aut
1480 3277 1921 3356 huiusmodi
1939 3276 2123 3352 aliae
2163 3276 2692 3384 possessiones,

478 3381 558 3456 in
595 3384 741 3457 suis
775 3384 1308 3487 prouentibus,
1364 3381 1776 3461 redditibus
1826 3402 1904 3459 et
1943 3379 2625 3474 obuentionibus,
2602 3407 2691 3456 m

480 3489 1068 3614 quibuscunque
1108 3492 1358 3569 rebus
1405 3492 1848 3585 consistant,
1905 3488 1999 3567 ad
2051 3490 2403 3566 valorem
2424 3490 2687 3565 huius-

475 3596 680 3670 modi
720 3599 1110 3693 vinorum,
1169 3597 1473 3718 frugum
1526 3615 1601 3673 et
1641 3598 2309 3699 pertinentiarum,
2358 3613 2467 3674 et
2488 3595 2685 3672 alio-

477 3729 648 3779 rum
686 3706 1239 3783 nominatorum
1296 3709 1807 3809 prouentuum
1852 3731 1932 3781 se
1978 3703 2406 3801 extendant,
2441 3703 2685 3780 eidem

476 3809 805 3885 Domino
857 3811 1284 3918 Episcopo,
1340 3831 1469 3889 aut
1526 3813 1842 3889 Rectori
1898 3830 1978 3890 et
2023 3814 2385 3887 Ministris
2440 3811 2686 3886 dictae

474 3914 869 4021 Copellae,
925 3946 1064 4020 per
1103 3948 1239 3996 nos
1279 3923 1482 4022 prius
1522 3920 1597 3992 in
1638 3920 1910 3997 effectu
1957 3917 2215 3994 dandis
2272 3936 2347 3994 et
2394 3919 2677 3993 adscri-

471 4022 739 4100 bendis
771 4052 813 4097 a
853 4024 1231 4127 saepefato
1277 4029 1601 4103 Domino
1639 4029 1859 4103 Petro
1899 4029 2312 4130 Episcop0‚
2366 4053 2501 4101 seu
2534 4025 2685 4102 Re·

472 4147 686 4208 ctore
725 4157 812 4206 ac
851 4134 1201 4210 ministris
1231 4134 1459 4238 ipsius
1498 4133 1849 4238 Capellae
1899 4130 2315 4242 praefatae,
2356 4159 2498 4259 pro
2536 4158 2675 4208 no·

472 4236 587 4316 bis
621 4239 959 4344 recipere
993 4258 1069 4318 et
1108 4243 1272 4320 iure
1309 4260 1568 4319 nostro
1618 4244 1877 4344 regie,
1934 4244 2508 4346 reappropriare
2550 4266 2670 4317 va·
