2926 4849
638 503 653 521 x
712 465 864 535 724

598 676 983 750 Conuentu
1020 668 1441 748 vberiorem
1473 667 1566 744 ad
1592 668 1990 762 cautelam3
2030 666 2243 742 cuius
2276 683 2494 741 tenor
2532 669 2598 743 is
2633 689 2780 747 est:

598 778 1083 857 Serenissimo
1124 775 1447 880 Principi
1485 775 1811 851 Domino
1855 770 2340 877 Sigismundo
2390 767 2494 874 (v.
2553 801 2786 879 supra

596 886 690 960 ad
743 912 1015 960 annum
1055 883 1317 980 1431.)
1376 885 1530 958 Nos
1558 886 1810 981 itaque
1849 880 2055 956 iustis
2094 895 2167 954 et
2200 879 2545 977 legitimis
2589 885 2782 988 peti·

601 991 927 1067 tionibus
971 988 1282 1066 Praesati
1322 990 1619 1065 Domini
1659 988 2011 1089 Gregorii
2046 982 2420 1063 Cruciferi
2469 988 2783 1066 fauora—

597 1096 846 1174 biliter
895 1097 1265 1186 inclinati,
1341 1121 1426 1170 ac
1486 1095 1802 1171 iustitiae
1858 1107 2301 1183 annuenteS,
2359 1095 2782 1198 praedictas

594 1202 838 1280 literas
871 1223 1156 1281 nostras
1199 1202 1292 1278 de
1340 1200 1577 1277 verbo
1633 1199 1727 1275 ad
1769 1202 2098 1274 ²verbum
2154 1197 2332 1273 nihil
2380 1201 2774 1296 addendo,

591 1337 732 1386 nec
769 1306 1316 1403 imminuendo,
1372 1307 1760 1383 transcribi
1798 1324 1876 1381 et
1915 1309 2307 1395 transumi,
2393 1334 2483 1382 ac
2538 1336 2777 1412 prae-

589 1407 917 1494 sentibus
946 1417 1182 1493 literis
1223 1418 1496 1491 nostris
1532 1411 1951 1519 patentibus
1990 1412 2217 1487 inseri
2266 1413 2584 1489 fecimus
2630 1444 2774 1520 pro

590 1521 858 1599 eodem
895 1526 1286 1598 Conuentu
1327 1521 1749 1596 vberiorem
1794 1518 1886 1593 ad
1920 1519 2296 1594 cautelam.
2371 1521 2643 1598 Datum
2701 1528 2774 1596 in

585 1628 768 1705 feria
804 1631 1061 1730 quinta
1108 1633 1441 1731 proxima
1480 1646 1650 1703 ante
1691 1624 1957 1703 festum
1997 1627 2268 1699 Beatae
2331 1627 2769 1703 catharinae

585 1736 906 1842 Virginis
942 1753 1019 1810 et
1056 1736 1424 1835 Martyris.
1483 1734 1712 1808 Anno
1763 1731 2060 1807 Domini
2103 1731 2721 1810 MCDXXXV.“

671 1866 721 1922 E
753 1861 1105 1922 membrana
1139 1859 1432 1947 originali,

1465 1978 1877 2073 ,CCCXLL

585 2112 735 2163 Idem
786 2107 1099 2177 Capitulum
1148 2108 1211 2160 de
1244 2111 1357 2160 'sex
1391 2108 1636 2177 florenis
1683 2106 1819 2160 auri
1857 2107 2019 2161 haud
2059 2108 2265 2164 seratis
2287 2143 2307 2170 ,
2357 2114 2774 2182 aggramon'o

777 2179 1113 2233 memoriales
1133 2181 1274 2237 edit.
1307 2179 1374 2234 A.
1410 2177 1575 2233 1435.
1689 2205 1690 2208 ¹
2511 2197 2518 2204 ·

776 2273 929 2348 Nos
978 2272 1401 2376 Capitulum,
1455 2271 1824 2347 Ecclesiae
1881 2271 2268 2362 Albensis,
2350 2282 2770 2351 memoriae

548 2448 553 2453 ,
585 2380 1183 2459 commendamus
1206 2376 1407 2481 quod
1426 2405 1598 2454 cum
1640 2381 1838 2455 iuxta
1855 2384 2342 2457 continentias
2372 2382 2770 2458 literarum

580 2484 1028 2562 honorabilis
1068 2487 1386 2589 Capituli
1429 2485 1796 2561 Ecclesiae
1835 2489 2434 2592 Wesprimiensis
2486 2508 2771 2590 paten-

587 2593 774 2695 tium
814 2592 1313 2666 sassionalium
1359 2594 1637 2693 pariter
1659 2610 1737 2667 et
1773 2592 2422 2695 obligatoriarum,
2452 2595 2767 2700 Stepha-

588 2726 725 2774 nus
760 2696 946 2771 filius
985 2697 1357 2772 Valentini
1403 2696 1640 2771 Vinze
1678 2697 1771 2774 de
1803 2699 2047 2775 Zentb
2095 2702 2458 2795 Gewrch‚
2514 2706 2595 2778 in
2637 2732 2766 2780 sua

586 2821 661 2880 et
697 2804 1009 2881 Ladislai
1049 2802 1172 2877 lilii
1214 2804 1326 2879 sui
1358 2806 1716 2907 personis,
1751 2808 2771 2888 ConuentuiCruciserorum

590 2912 958 2987 Ecclesiae
994 2905 1201 2985 Beati
1249 2913 1441 3013 regis
1482 2909 1839 3017 Stephani
1872 2912 1966 2987 de
2014 2913 2206 2989 Alba
2245 2918 2319 2990 in
2358 2909 2547 2992 festo
2585 2921 2766 2995 Bea-

590 3022 646 3093 ti
685 3020 988 3118 Georgii
1021 3018 1369 3119 Martyris
1405 3022 1742 3120 proxime
1784 3016 2224 3123 praeterite,
2274 3048 2401 3096 sex
2431 3021 2765 3102 florenos

591 3128 763 3228 puri
801 3126 962 3199 auri
1002 3122 1545 3227 hungaricales,
1581 3125 1741 3199 veri
1780 3145 1854 3201 et
1876 3127 2045 3202 iusti
2078 3129 2466 3230 ponderis,
2499 3148 2762 3207 coram

590 3231 810 3307 nobis
849 3232 1143 3308 soluere
1180 3230 1640 3324 debuissent,
1695 3233 1855 3334 ipso
1891 3235 2140 3337 itaque
2178 3236 2500 3309 termino
2533 3238 2761 3313 adue·

587 3340 879 3425 niente,
936 3337 1161 3433 ydem
1202 3336 1617 3437 Stephanus
1666 3338 1950 3414 Vincze
1990 3342 2066 3414 in
2105 3342 2340 3417 suaet
2382 3342 2753 3439 Ladislai,

588 3442 713 3520 filii
761 3447 870 3519 sui
906 3447 1239 3546 personis
1278 3442 1522 3518 dictos
1563 3470 1690 3519 sex
1722 3445 2039 3521 florenos
2056 3453 2222 3522 auri
2257 3448 2496 3523 eidem
2535 3451 2753 3526 Con-

585 3554 840 3626 uentui
873 3551 1174 3624 minime
1215 3549 1787 3653 persoluissent,
1816 3551 1954 3626 sed
1991 3579 2069 3628 se
2100 3557 2171 3628 in
2201 3559 2529 3660 ipsorum
2563 3555 2755 3631 obli·

584 3653 1002 3760 gationibus
1045 3660 1117 3730 in
1148 3657 1539 3759 praedictis
1576 3656 1799 3732 literis
1836 3660 2201 3763 praedicti
2237 3663 2558 3767 Capituli
2589 3664 2754 3739 Ec-

579 3764 840 3839 clesiae
880 3763 1480 3869 Wesprimiensis
1519 3767 1954 3869 conscriptis
1996 3785 2072 3841 et
2132 3771 2501 3846 contentis
2548 3795 2752 3844 con-

576 3871 775 3945 uinci
817 3886 891 3946 et
930 3872 1307 3971 aggrauari
1344 3871 1878 3974 permisissent,
1936 3875 2355 3952 testimonio
2398 3904 2753 3982 praesen-

576 3980 753 4053 tium
798 3976 1192 4052 mediante.
1261 3978 1526 4052 Datum
1598 3998 1866 4079 quarto
1927 3980 2048 4055 die
2103 3985 2395 4059 termini
2432 4008 2746 4087 praeno-

569 4088 715 4157 tati.
775 4084 995 4158 Anno
1043 4084 1347 4159 Domini
1389 4081 1785 4164 Millesimo
1825 4086 2554 4193 quadringentesimo
2602 4092 2741 4168 tri·

566 4192 844 4289 gesimo
883 4191 1228 4290 quinto.“

641 4319 725 4375 Ex
760 4314 968 4376 charta
1018 4316 1307 4399 originali·
