2926 4849
644 482 799 553 624
902 471 976 568 „52
1082 524 1086 526 »

534 707 734 771 marn
770 679 1132 785 pecuniae
1166 675 1382 767 nobis
1419 583 1641 773 dare,
1679 692 1772 755 et
1807 678 2242 783 porrigere..
2270 676 2723 780 nostri-que

536 786 981 868 haeredibus
1022 803 1370 863 tenentur
1395 787 1612 868 andis
1665 786 1967 891 singulis
2016 802 2383 890 perpetuo
2428 786 2726 863 dumm-

535 898 677 990 ris,
730 892 968 981 tribus
987 895 1359 974 Termini·
1389 892 1900 1018 infrascriptis,
1947 893 2027 967 in
2047 893 2269 968 Festo
2308 894 2390 967 B.
2420 894 2727 995 Georgii

540 1000 901 1104 Martyria
944 1018 1246 1085 centum
1286 998 1546 1077 floren.
1594 1004 1799 1097 auri,
1854 1026 1943 1077 ae
1998 999 2412 1105 quemlibet
2460 1000 2731 1079 horum

540 1107 1152 1214 computandum,
1195 1123 1420 1212 prout
1451 1108 1613 1185 auri
1642 1108 1885 1185 :elvia
1917 1106 2261 1199 finem—-
2289 1106 2625 1209 quihus
2601 1126 2729 1181 ita-

466 1296 478 1309 ,
541 1244 695 1323 que
729 1216 984 1299 solutis
1025 1215 1383 1317 pecuniis,
1433 1212 1674 1319 juxta
1663 1216 1990 1292 modum
2023 1210 2485 1320 praedictum
2527 1214 2732 1290 dein·

459 1381 462 1385 1
542 1349 725 1428 ceps
770 1321 864 1395 ad
916 1321 1147 1401 nullas
1202 1321 1590 1419 dationes,
1651 1321 2065 1416 Robottas,
2119 1347 2253 1398 eeu
2307 1323 2732 1397 exactiones

543 1432 699 1526 sint
751 1429 1119 1522 adstricti,
1192 1427 1326 1503 aed
1382 1430 1644 1525 soluti,
1700 1432 2188 1532 pecuniisque
2253 1429 2734 1511 exercituali-

542 1514 725 1636 lius,
778 1552 856 1611 et
923 1484 1265 1612 Nunimia
1308 1536 1700 1613 Portarum
1751 1537 2121 1641 exceptis,
2193 1558 2385 1634 quae
2443 1535 2733 1612 solvere

548 1662 903 1725 tenentur
954 1659 1294 1747 tempore
1349 1667 1535 1736 suo,
1581 1663 1818 1747 prout
1871 1642 2054 1720 aliae
2090 1660 2397 1719 nostrae
2435 1641 2748 1718 solvunt·

422 1800 432 1821 .
545 1752 934 1845 CivitateS,
990 1766 1064 1824 et
1112 1747 1350 1824 villae.
1461 1752 1647 1826 Item
1701 1753 1766 1825 si
1827 1776 2005 1844 nos,
2061 1739 2734 1853 Couthoralemque

544 1875 873 1943 nostram
911 1850 1003 1934 ad
1044 1856 1451 1979 praefatam
1485 1876 1817 1934 nostram
1843 1857 2237 1932 Civitatem
2264 1855 2574 1933 Szenicz
2612 1883 2734 1933 ve·

542 1967 710 2043 nire
752 1964 1152 2065 contingit,
1183 1981 1363 2046 tunc
1405 1964 1649 2061 nobis,
1683 1983 1761 2041 et
1802 1961 2229 2041 Conthorali
2266 1985 2563 2041 nostrae
2597 1964 2736 2039 tri·

547 2071 688 2147 bus
725 2070 987 2147 diebus
1026 2071 1233 2145 annis
1268 2070 1568 2174 singulis
1613 2072 1731 2149 vel
1768 2072 2134 2166 mediate„
2189 2073 2306 2146 vel
2343 2070 2737 2146 immedia-

547 2196 624 2255 te
666 2176 1007 2279 quolibet
1061 2177 1179 2251 die
1230 2174 1386 2250 duo
1446 2178 1751 2278 prandia
1806 2178 2364 2272 administrare,
2419 2197 2495 2254 et
2558 2177 2740 2253 dare

476 2340 482 2346 -
549 2302 919 2362 tenentur.
1008 2282 1193 2369 Item
1253 2283 1701 2388 praedictam
1748 2307 2075 2363 nostram
2124 2286 2510 2362 Civitatem
2547 2283 2740 2360 Sze-

548 2395 713 2470 nicz
754 2391 1267 2496 praesentibus
1304 2394 1752 2495 excipimus,
1776 2458 1781 2464 .
1808 2409 1885 2469 et
1945 2392 2346 2470 alienamus
2398 2392 2493 2467 ab
2530 2392 2739 2467 omni

549 2498 878 2577 Servitio
927 2499 1152 2599 ipsius
1230 2499 1656 2591 castellani,
1731 2502 1863 2605 qui
1912 2520 2067 2587 est,
2141 2520 2217 2577 et
2269 2505 2348 2575 in
2403 2502 2741 2575 futurum

549 2606 898 2681 constitui
947 2618 1198 2706 potest
1254 2599 1757 2708 temporibus,
1818 2626 1900 2683 ut
1934 2607 2394 2683 castellanus
2447 2608 2740 2682 consti-

551 2729 799 2794 tutus,
858 2728 932 2787 et
961 2711 1560 2832 constituendus,
1614 2713 1792 2791 mhi!
1830 2741 2005 2792 cum
2035 2717 2210 2819 ipsis
2250 2716 2521 2790 Incolis
2566 2728 2740 2787 sae-

1028 2818 1229 2892 itatis
1296 2837 1592 2896 nostiae
1651 2818 1959 2898 Szenicz
2029 2848 2293 2924 agere,
2349 2837 2429 2896 et
2490 2819 2738 2897 facere

1028 2951 1066 2999 c
1107 2929 1329 3000 etiam
1380 2928 1457 3001 in
1497 2927 1798 3004 Judieio
1841 2955 2148 3021 eorum,
2209 2931 2569 3031 quiquam
2611 2952 2743 3004 eos

1028 3033 1135 3106 ted
1179 3050 1485 3119 utantur
1519 3038 1830 3130 Gratiis,
1887 3051 1967 3110 et
1986 3037 2528 3129 Libertatibus,
2577 3061 2743 3139 pro-

1028 3157 1196 3223 *trae
1248 3141 1547 3216 Literae
1583 3142 1839 3238 villae,
1893 3158 1969 3218 et
2009 3146 2360 3219 Ciuitates
2405 3162 2738 3218 utuntur.

1028 3275 1057 3320 ι
1100 3264 1304 3320 actus
1346 3251 1789 3351 potentiales
1817 3307 1839 3345 ,
1898 3247 2359 3342 Latrocinia,
2416 3250 2741 3325 homici-

1028 3352 1235 3427 endia
1295 3358 1681 3459 continget
1730 3355 2125 3451 decidere,
2182 3356 2300 3430 vel
2362 3355 2738 3459 judicare,

1028 3459 1580 3555 ·Castellanu3‚
1638 3467 1766 3565 qui
1807 3482 1952 3548 est,
1985 3482 2086 3540 et
2123 3467 2301 3557 erit,
2359 3463 2481 3567 huj
2492 3490 2737 3540 usmo·

555 3572 634 3644 di
684 3572 921 3644 causis
961 3563 1444 3667 dijudicandis
1500 3573 1698 3644 inter
1703 3597 1857 3647 ease
1895 3569 2164 3662 debet,
2219 3589 2325 3645 et
2318 3571 2529 3674 =ipsas
2570 3598 2738 3647 cum

553 3674 860 3766 Judice,
917 3691 994 3748 et
1042 3673 1298 3777 juratis
1338 3661 1648 3752 Ciuibus
1693 3677 1787 3753 de
1837 3678 2092 3753 eadem
2147 3678 2451 3754 civitate
2490 3696 2738 3754 nostra

556 3773 863 3856 Szenicz
920 3778 1308 3876 decidere,
1364 3781 1714 3886 delinire,
1770 3803 1848 3860 et
1899 3783 2275 3889 judicare,
2333 3785 2737 3861 secundum

554 3888 690 3964 Jus
741 3888 1289 3988 Tyrnauiense,
1344 3906 1420 3965 et
1463 3892 1724 3993 utique
1776 3891 1870 3968 de
1925 3892 2256 3967 eisdem
2237 3920 2312 3964 ιιι
2358 3920 2489 3967 sua
2525 3906 2737 3997 parte

553 3993 759 4098 juxta
825 3996 1232 4078 Decietum
1285 3995 1490 4078 Juris
1540 4000 2067 4099 Tyrnaviensis
2110 3997 2495 4123 praedicti
2554 4000 2739 4073 Item

558 4103 800 4178 omnis
831 4119 1239 4196 mercator,
1305 4102 1421 4181 vel
1458 4104 1686 4181 homo
1720 4108 1947 4200 aliua,
2003 4110 2433 4210 quicunque
2468 4105 2591 4182 die
2634 4102 2745 4178 fo·

557 4210 618 4286 ri
654 4208 750 4283 ad
789 4210 1246 4313 praedictam
1282 4212 1674 4290 Civitatem
1722 4232 2049 4294 nostram
2092 4211 2400 4291 Szenicz
2443 4215 2738 4294 veniens
