2926 4849
2069 530 2216 600 ⁷23

151 724 833 798 DominicamOculi
862 727 1208 826 pro-xime
1227 732 1642 829 praeterita,
1659 731 1749 804 ad
1767 731 2031 808 faciem
2049 762 2326 840 posses·

145 832 374 904 sionis
396 830 636 905 Archa
660 849 985 923 voca-tae,
1016 860 1154 935 per
1186 857 1653 940 consequens
1674 841 2032 940 portionis
2050 831 2321 946 posses-

146 938 512 1011 sionariae
551 936 729 1012 dicti
761 936 1192 1013 Conuentus
1228 941 1506 1032 ibidem
1547 942 1870 1037 habitae,
1944 949 2202 1025 vicinis
2245 971 2324 1027 et

147 1049 668 1120 commetaneis
699 1042 1023 1119 eiusdem
1060 1046 1447 1144 vniuersis‚
1485 1048 1667 1122 inibi
1695 1052 2013 1152 legitime
2047 1083 2323 1132 conuo-

146 1153 325 1227 catis
344 1168 418 1226 et
463 1150 969 1253 praesentibus
1028 1151 1520 1247 accessissent,
1563 1160 2127 1263 statuissemque
2172 1190 2320 1238 eas-

146 1255 313 1331 dem
337 1260 722 1362 portiones
772 1261 1369 1362 possessionarias
1407 1260 1760 1337 tenendas
1798 1284 1874 1341 et
1910 1264 2276 1345 habendas
2304 1325 2322 1361 ,

144 1363 731 1440 contradictione
765 1366 1262 1468 praefatorum
1303 1368 1593 1442 Alberti
1649 1388 1725 1444 et
1757 1373 2137 1451 >Dominae
2179 1405 2322 1451 non

144 1472 502 1544 obstante.
537 1471 928 1578 Caeterum
952 1484 1123 1573 quia
1152 1498 1272 1546 res
1290 1492 1362 1547 et
1383 1473 1576 1548 bona
1607 1478 2042 1554 eorumdem
2069 1483 2323 1557 Alber·

146 1579 199 1652 ti
237 1595 311 1650 et
344 1582 707 1653 Dominae
731 1578 820 1651 ad
864 1579 1188 1653 valorem
1229 1578 1654 1681 quindecim
1686 1582 2152 1662 florenorum
2192 1617 2321 1663 no-

139 1712 411 1759 uorum
449 1703 523 1760 et
551 1684 808 1789 duppli
844 1679 1281 1760 eorumdem
1315 1712 1393 1760 se
1429 1689 1951 1767 extendentem
1987 1700 2318 1800 reperire

141 1816 291 1862 non
345 1790 779 1885 valuissent,
836 1791 936 1867 ob
978 1792 1118 1866 hoc
1151 1793 1290 1894 ipsi
1337 1794 1635 1868 totalem
1674 1801 2095 1900 portionem
2138 1827 2320 1906 pos-

139 1899 647 1974 sessionariam
695 1897 1126 1972 eorumdem
1191 1897 1478 1973 Alberti
1521 1919 1597 1976 et
1658 1905 2019 1979 Dominae
2078 1911 2324 1982 matris

135 2003 463 2078 eiusdem
506 2008 574 2077 in
622 2008 1079 2108 possessione
1116 2004 1268 2105 Fyr
1320 2025 1621 2096 vocata,
1657 2010 1978 2085 habitam
2004 2068 2024 2103 ‚
2081 2013 2323 2088 eidem

138 2111 559 2185 Conuentui
596 2139 734 2214 pro
780 2112 953 2213 ipsis
997 2108 1431 2212 quindecim
1472 2112 1769 2188 florenis
1804 2119 2018 2192 nouis
2060 2147 2143 2194 ac
2183 2137 2322 2194 ter-

136 2218 233 2289 tia
279 2236 488 2319 parte
538 2215 795 2320 duppli
840 2218 1324 2309 eorumdem,
1381 2221 1797 2297 statuissent
1837 2223 2116 2298 tamdiu
2162 2253 2319 2324 pos-

129 2322 512 2397 sidendam
554 2341 626 2395 et
662 2320 1078 2416 tenendam,
1123 2315 1517 2428 quousque
1556 2353 1696 2430 per
1732 2329 2034 2404 eosdem
2061 2333 2318 2405 Alber-

132 2433 413 2506 tumet
461 2433 848 2506 Dominam
887 2458 1025 2534 pro
1079 2434 1492 2534 praemissis
1546 2435 1979 2535 quindecim
2011 2438 2316 2514 florenis

129 2554 209 2612 et
252 2542 463 2613 tertia
500 2554 706 2641 parte
744 2536 998 2640 duppli
1040 2536 1477 2614 eorumdem
1515 2540 1986 2620 redimerent.
2054 2548 2310 2621 Datum

127 2661 348 2723 sexto
425 2646 547 2720 die
616 2646 1072 2721 executionis
1127 2663 1625 2747 praenotatae.
1715 2648 1940 2723 Anno
2012 2651 2305 2727 Domini

126 2752 652 2839 MCDXXXV.

218 2887 269 2943 E
299 2880 644 2944 membrana
688 2879 978 2963 originali.

1043 3035 1306 3110 CCCX
1321 3037 1394 3109 L.

114 3191 277 3242 Idem
317 3185 626 3255 Capitulum
658 3182 857 3234 literas
894 3196 1030 3232 suas
1063 3176 1364 3230 relatorias
1409 3187 1559 3229 anno
1613 3175 1764 3230 1431.
1803 3192 2090 3233 emanatas
2135 3194 2297 3232 tran-

319 3276 509 3331 sumit.
548 3276 612 3328 A·
648 3271 807 3327 1435.

319 3392 473 3467 Nos
495 3385 905 3489 Capitulum
928 3380 1297 3457 Ecclesiae
1322 3381 1657 3454 Albensis
1675 3379 2077 3455 memoriae
2100 3407 2297 3456 com-

108 3492 599 3589 mendamus,
656 3491 861 3596 quod
914 3490 1295 3592 religiosus
1358 3489 1540 3577 Vir,
1629 3488 1983 3561 Dominus
2040 3489 2295 3564 Frater

107 3607 532 3710 Gregorius
576 3588 960 3688 crucifer,
1020 3597 1387 3671 Ecclesiae
1423 3588 1633 3667 Beati
1683 3599 1871 3693 regis
1928 3591 2286 3697 Stephani

104 3715 212 3790 de
260 3711 455 3787 Alba
482 3767 504 3806 ‚
559 3712 631 3783 in
663 3732 791 3780 sua
838 3720 913 3777 et
951 3700 1375 3779 Conuentus
1417 3702 1558 3775 loci
1603 3699 1930 3774 eiusdem
1971 3702 2048 3772 in
2105 3727 2283 3803 per-

102 3823 355 3913 sonis,
410 3833 735 3893 nostram
774 3809 1134 3884 accedens
1172 3812 1246 3883 in
1277 3810 1758 3913 praesentiam
1799 3805 2132 3887 exhibuit
2163 3835 2285 3881 no-

102 3931 229 4005 bis
273 3925 624 4027 quasdam
669 3920 910 3996 literas
948 3933 1230 3990 nostras
1268 3917 1546 3989 clausas
1583 3940 1623 3984 a
1677 3928 1889 4014 tergo
1933 3913 2286 4017 signatas,

99 4051 372 4143 petens
408 4058 543 4107 nos
575 4025 823 4104 debita
865 4050 1036 4099 cum
1076 4023 1412 4096 instantia
1455 4039 1537 4095 vt
1573 4016 1872 4093 easdem
1913 4015 2007 4091 de
2055 4019 2284 4093 verbo

99 4141 208 4218 ad
247 4141 606 4229 verbum,
661 4129 1053 4209 transcribi
1098 4147 1173 4202 et
1221 4129 1571 4203 transumi
1626 4151 1714 4202 ac
1781 4127 2290 4230 praesentibus

101 4249 337 4324 literis
380 4244 644 4321 nostris
685 4237 1101 4344 patentibus
1142 4238 1357 4311 inseri
1396 4235 1977 4413 faceremujgfo
2021 4232 2288 4308 eodem
