2926 4849
2063 573 2214 644 275

127 800 287 851 rum
334 770 648 850 dierum.
726 769 955 849 Feriis
985 771 1232 851 autem
1285 771 1652 864 secunda,
1710 794 2014 878 quarta,
2069 796 2322 877 sexta,

126 908 427 987 semper
448 907 620 984 cum
653 879 929 956 officio:
967 882 1049 958 Si
1080 885 1504 987 iniquitates
1528 898 1671 959 etc.
1701 884 1862 961 aliis
1890 889 2138 962 'autem
2174 884 2326 964 die-

125 988 278 1064 bus‘
319 987 540 1062 Missa
590 985 797 1062 chori
853 1014 1022 1065 cum
1074 991 1429 1092 suffragiis
1467 1007 1543 1064 et
1593 992 2054 1068 orationibus
2109 992 2200 1067 ad
2239 993 2321 1070 id

128 1098 316 1204 aptis
345 1151 369 1187 ,
426 1093 690 1171 deifice
720 1111 795 1170 et
827 1090 1232 1173 honorifice
1269 1093 1730 1190 celebretur,
1785 1116 1859 1173 et
1904 1118 2318 1203 peragatur.

124 1204 477 1305 Denique
537 1201 938 1277 stabilimus
989 1222 1066 1279 et
1120 1204 1547 1295 statuimus,
1639 1206 1844 1311 quod
1905 1209 2322 1310 praedictus

127 1309 600 1413 Praepositus
651 1334 789 1414 per
825 1307 1272 1414 Capellanos·
1310 1327 1388 1387 et
1425 1309 1792 1406 Clericos,
1848 1314 1940 1396 ad
1998 1313 2073 1388 id
2103 1315 2323 1404 inisti-v·

129 1434 377 1511 tutos„
434 1416 741 1519 singulis
783 1414 1044 1493 diebus
1086 1416 1479 1496 dominicis
1511 1416 1606 1492 de
1634 1418 1991 1525 Vespere,
2025 1449 2165 1526 pro
2208 1447 2326 1497 re·

131 1525 307 1630 quie
367 1524 779 1604 animarum
832 1527 1164 1600 omnium
1223 1523 1555 1600 fidelium
1616 1525 2184 1617 defunctorum,
2242 1543 2326 1604 vt

131 1648 349 1735 puta:
414 1629 731 1708 Placebo
772 1656 945 1706 cum
978 1633 1141 1708 ‘suis
1186 1630 1524 1738 psalmia,
1577 1632 1668 1707 ad
1722 1633 2002 1735 vigilias
2043 1633 2328 1710 defun-

132 1755 437 1813 ctorum
478 1738 1060 1840 pertinentibus,
1113 1747 1196 1814 et
1228 1740 1411 1815 feria
1443 1738 1769 1816 secunda
1809 1738 1903 1816 de
1942 1767 2157 1817 mane
2197 1741 2328 1816 of-

132 1843 390 1920 ficium
428 1840 902 1935 matutinale,
961 1871 1132 1920 cum
1167 1846 1408 1924 tribus
1440 1847 1732 1946 psalmis
1758 1853 1837 1921 'et
1885 1847 2201 1923 totidem
2230 1849 2354 1970 le·‘

134 1948 558 2043 ctionibus,
617 1951 1083 2053 caeterisque
1125 1950 1590 2030 orationibus
1612 1952 1703 2027 ad
1736 1956 2136 2058 praemissa
2158 1981 2340 2029 con·-

135 2054 611 2164 gruentibus,
669 2073 745 2132 et
795 2062 1218 2135 necessariis
1258 2060 1475 2133 faciat
1514 2078 1879 2170 perpetuo
1934 2080 2010 2138 et
2049 2056 2333 2136 indesi-

134 2183 403 2241 nenter
459 2162 873 2242 decantare.
952 2166 1342 2242 Caeterum
1391 2163 1857 2261 anhelamus,
1915 2168 2122 2273 quod
2174 2167 2334 2244 dies

138 2292 442 2349 nostrae
487 2275 744 2348 mortis
774 2299 944 2347 cum
986 2272 1492 2348 celebratione
1534 2276 2035 2352 anniuersaria
2074 2278 2147 2349 in
2190 2283 2338 2362 me·

136 2383 371 2457 moria
411 2397 773 2484 perpetua
807 2377 1180 2457 habeatur.
1250 2379 1653 2459 statuimus
1685 2381 1959 2488 igitur,
2014 2382 2222 2487 quod
2257 2385 2336 2459 in

135 2489 244 2562 die
306 2486 578 2561 mortis
647 2503 942 2562 nostrae
975 2505 1052 2563 et
1102 2507 1648 2592 consequenter
1705 2489 1787 2565 in
1823 2493 2338 2591 anniuersarys

137 2593 472 2671 eiusdem
537 2592 727 2686 diei,
783 2595 1085 2697 singulis
1147 2593 1613 2698 temporibus
1658 2595 2125 2701 praepositus
2167 2623 2335 2674 cum

138 2705 271 2778 suis
309 2696 715 2806 capellanis
755 2719 830 2778 et
862 2702 1160 2778 clericis
1194 2703 1453 2778 Missas
1489 2720 1565 2778 et
1598 2703 1742 2778 alia
1776 2702 2025 2778 diuina
2060 2706 2333 2799 officia,
2432 2740 2435 2745 ·

136 2809 217 2882 ad
253 2808 489 2884 talem
528 2804 723 2884 diem
757 2810 1243 2912 pertinentia,
1287 2807 1562 2887 deuote
1601 2836 1955 2917 peragere
1993 2809 2332 2897 debeant,

135 2917 613 3018 peractisque
675 2913 1094 2992 huiusmodi
1147 2918 1448 3005 officiis,
1508 2916 1769 2992 decem
1830 2944 2198 3022 pauperes
2239 2920 2329 2994 ad

128 3024 366 3097 minus
409 3020 559 3126 p'ro
592 3040 952 3126 perpetua
994 3024 1257 3127 requie
1304 3025 1593 3112 animae,
1624 3041 1920 3099 nostrae
1959 3027 2171 3099 citari
2210 3026 2333 3100 fa-

128 3128 272 3203 ciat
327 3146 412 3205 et
471 3125 849 3233 hospitari.
955 3119 1315 3223 Si‘vero,
1402 3128 1610 3232 quod
1670 3129 1897 3224 absit,
1956 3132 2328 3234 praefa‘tus

125 3233 609 3340 Praepositus
644 3264 796 3331 sua¹
835 3233 1153 3329 desidia,
1241 3233 1572 3312 fortassis
1623 3236 1698 3311 in
1747 3238 2164 3343 praemissis
2199 3242 2325 3314 in-

130 3343 646 3435 terueniente,
701 3360 1049 3448 tanquam
1086 3367 1258 3447 suae
1295 3344 1545 3420 salutis
1590 3345 2004 3429 immemor,
2041 3345 2326 3451 praedi-

130 3468 273 3525 ctas
313 3449 585 3541 missas
631 3450 774 3543 sic,
832 3468 910 3525 vt
947 3447 1409 3555 praefertur,
1462 3448 1861 3527 salubriter
1915 3455 2320 3553 institutas,

127 3557 551 3660 perficere,
606 3553 1038 3649 decantare,
1093 3575 1168 3633 et
1222 3557 1361 3632 alia
1418 3558 1655 3633 officia
1712 3556 2118 3663 adimplere
2176 3574 2355 3634 ne-'

129 3662 493 3769 gligeret,
552 3679 676 3736 aut
729 3688 881 3737 non
929 3681 1224 3739 curaret
1241 3694 1263 3759 3
1324 3691 1418 3739 ex
1467 3683 1644 3740 tunc
1701 3666 1859 3740 talis
1902 3667 2317 3768 negligens,

127 3766 258 3872 per
315 3766 747 3873 Capitulum
791 3767 902 3842 ,ad
959 3769 1033 3845 icl
1081 3771 1499 3847 faciendum
1555 3798 1694 3875 per
1725 3773 2321 3876 grauaminacp-

132 3894 464 3985 poi-tuna
496 3930 516 3968 ,
543 3893 647 3969 ‘et
681 3877 740 3949 si
773 3902 1073 3952 necesse
1107 3875 1329 3970 foret,
1349 3904 1487 3983 per
1522 3881 2010 3965 remotionem
2043 3898 2118 3955 et
2154 3887 2320 3984 pri-

132 3989 520 4083 nationem
562 3982 826 4082 abdicta
851 3987 1399 4088 praepositura,
1454 3984 1691 4058 modis
1728 3985 2070 4063 omnibus
2112 4013 2314 4062 com-

134 4090 459 4195 pellatur
496 4106 572 4163 et
611 4090 1068 4195 astringatur.
1126 4093 1360 4165 Porro
1397 4117 1777 4165 sacrorum
1819 4094 2200 4169 Canonum
2241 4113 2319 4172 et

142 4195 597 4293 Sanctorum
658 4189 959 4297 Patruni
1009 4198 1462 4295 institutione
1507 4197 1870 4291 dictante,
1921 4202 2320 4304 spiritualia

146 4292 327 4381 sine
356 4290 900 4408 temporalibus
949 4296 1078 4382 diu
1134 4301 1330 4382 haud
1388 4304 1788 4382 subsistere
1850 4309 2322 4446 ambigimu53

933 4447 940 4456 -
1801 4419 1917 4486 18-
