2926 4849
2123 465 2293 537 049·

189 673 754 782 praeteritarum
788 729 807 767 ,
871 688 1288 749 emanatam
1314 728 1336 769 ,
1392 696 1807 778 perquam
1865 668 2061 770 idem
2120 676 2390 750 Comes

195 781 537 882 Matthias
597 780 952 882 quasdam
1023 782 1408 885 portiones
1479 783 2083 884 possessionen-ias
2158 782 2389 884 ipsius

192 888 630 964 conuentus
675 889 749 961 in
795 890 1254 992 possessione
1296 886 1552 963 Archa
1590 906 1894 983 vocata,
1950 890 2026 962 in
2074 886 2389 961 Comita-

195 1014 274 1071 tu
333 995 687 1070 Tolnensi
746 997 1149 1083 existente,
1222 989 1551 1096 habitas3
1632 995 1805 1070 alias
1870 1020 2007 1097 pei·
2063 990 2391 1068 eundem
2457 1061 2465 1082 ,

198 1105 666 1181 Conuentum
704 1095 877 1177 cum
930 1100 1275 1175 omnibus
1316 1103 1642 1205 ipsarum
1686 1100 2158 1206 portionibus
2206 1123 2392 1203 pos-

195 1211 688 1303 sessionariis,
774 1207 1210 1284 vtilitatibus
1276 1223 1351 1281 et
1410 1210 1877 1312 pertinentiis
1937 1206 2392 1311 quibuslibet

198 1317 293 1393 ad
335 1315 632 1392 easdem
675 1314 1177 1419 spectantibus
1217 1314 1539 1395 Alberto
1592 1314 1747 1389 filio
1790 1333 1865 1391 et
1920 1313 2175 1390 Nobili
2220 1315 2384 1387 Do-
2502 1361 2509 1370 ,

199 1427 481 1515 minae,
538 1423 843 1497 relictae
885 1419 1262 1524 quon'dam
1308 1421 1676 1520 Bychkele
1704 1475 1725 1514 ,
1779 1420 1874 1499 de
1921 1423 2171 1513 Ewrs,
2245 1444 2393 1524 pro
2433 1518 2437 1522 .

201 1549 408 1607 certo
452 1555 678 1604 censu
715 1553 963 1603 annuo
999 1527 1076 1602 in
1116 1525 1420 1604 feudum
1459 1527 1851 1621 tenendas,
1904 1532 2092 1605 serie
2136 1527 2398 1603 litera*-

200 1663 368 1714 rum
403 1635 846 1711 Vestrarum
890 1634 1158 1711 exinde
1203 1634 1715 1710 confectarum
1743 1688 1768 1722 ,
1824 1639 1898 1710 in
1950 1638 2259 1740 ipsaque
2293 1634 2396 1707 li·-
2460 1707 2477 1720 ‚

205 1741 929 1825 teraadiudicatoria
975 1741 1283 1846 praefati
1325 1741 1633 1817 Comitis
1672 1740 2026 1818 Matthiae
2083 1764 2396 1838 sensua-
2447 1753 2480 1846 ᾗ

124 1939 130 1944 ,
202 1851 377 1952 liter
417 1851 905 1943 insertarum,
979 1849 1121 1924 sub
1161 1848 1742 1925 'conditionibus
1793 1865 1867 1925 et
1922 1850 2197 1954 pactis,
2250 1871 2421 1940 nec¹

203 1986 360 2035 non
388 1956 652 2062 poenis
693 1976 766 2032 et
806 1955 1384 2059 obligationibus
1421 1956 1495 2029 in
1547 1954 1825 2060 eisdem
1868 1960 2129 2033 vestris
2168 1954 2396 2029 literis

206 2065 584 2169 limpidius
612 2065 1097 2167 expressatis,
1152 2062 1427 2164 locatas
1463 2079 1540 2139 et
1583 2065 1970 2139 arendatas
1992 2120 2012 2157 ‚
2049 2061 2145 2137 ab
2186 2061 2396 2163 ipsis·

211 2198 364 2277 que
405 2169 717 2247 Alberto
755 2188 832 2246 et
873 2172 1196 2246 Domina
1234 2169 1477 2245 eidem
1523 2169 1948 2249 Conuentui
2001 2169 2396 2246 orationi·-

209 2282 395 2373 bus,
448 2278 825 2380 modoque
865 2296 942 2354 et
980 2276 1243 2353 ordine
1285 2277 1361 2349 in
1394 2279 1773 2378 praedicta
1805 2279 2013 2380 litera
2043 2300 2168 2351 sua
2200 2272 2421 2350 adiu·-

210 2386 564 2463 dicatoria
632 2385 1046 2478 contentis,
1111 2382 1691 2481 readiudicasw,
1767 2398 1846 2463 et
1902 2379 2397 2460 mediantibus

210 2511 472 2572 nostro
504 2507 581 2568 et
613 2510 862 2570 vestro
898 2490 1321 2569 hominibus
1353 2508 1763 2595 restatuere
1784 2550 1808 2585 ,
1869 2518 1988 2569 res
2019 2494 2240 2566 ctiam
2276 2515 2398 2564 eo·

211 2599 557 2679 rumdem
595 2600 884 2675 Alberti
921 2617 999 2676 et
1039 2601 1405 2699 Dominae
1443 2599 1787 2702 proprias
1817 2655 1838 2694 ‚
1908 2598 2004 2673 ad
2069 2599 2401 2693 valorem

212 2733 572 2784 censuum
608 2706 929 2783 duorum
960 2704 1362 2799 annorum,
1426 2732 1560 2807 per
1598 2711 1795 2811 ipsos
1858 2705 2266 2782 Albertum
2324 2717 2403 2777 et

218 2814 611 2891 Dominam
653 2841 805 2888 non
853 2815 1310 2903 solutorum,
1367 2831 1546 2919 puta
1597 2813 2032 2915 quindecim
2072 2811 2401 2887 florenos

211 2947 588 2997 nouorum
620 2917 1097 2996 denariorum
1140 2934 1566 2996 nostrorum
1601 2912 2068 3012 facientium,
2124 2942 2210 2993 ac
2250 2934 2400 2992 tet·-

211 3031 316 3107 tia
340 3048 549 3133 parte
590 3026 851 3131 duppli
884 3027 1355 3129 eorumdem,
1394 3027 1517 3101 vel
1547 3023 1911 3102 talismodi
1947 3051 2064 3100 res
2102 3050 2255 3129 non
2295 3021 2402 3095 in·

123 3202 130 3205 ,
216 3135 592 3212 ueniendo
633 3133 727 3208 de
764 3132 1071 3210 Juribus
1110 3160 1372 3210 eorum
1428 3133 2009 3236 possessiona'riis
2067 3146 2401 3224 tantum,

135 3250 142 3255 '
215 3260 580 3347 quantum
616 3230 713 3315 ad
759 3241 1083 3317 valorem
1109 3232 1394 3316 borum
1429 3264 1508 3317 se
1552 3238 2030 3331 extenderet,
2087 3262 2406 3340 occupa-

213 3374 302 3426 re
339 3369 415 3427 et
443 3348 669 3425 modo
702 3349 924 3424 simili
958 3350 1095 3453 ipsi
1139 3350 1562 3425 Conuentui
1627 3344 1850 3440 dare,
1912 3364 1990 3424 et
2038 3348 2406 3448 assignare

215 3457 724 3549 commisisse,
777 3456 1226 3550 dinoscitur-3
1280 3472 1355 3530 et
1393 3455 1698 3531 alteram
1741 3472 2031 3532 vestrae
2070 3451 2407 3555 superin-

214 3562 315 3639 de
355 3563 815 3657 relatoriam,
855 3580 1065 3638 sexto
1106 3563 1227 3638 die
1258 3550 1497 3638 'feriae
1544 3564 1827 3653 tertiae,
1865 3562 2204 3667 proxime
2240 3571 2414 3662 post

223 3668 692 3745 Dominicam
734 3670 931 3745 oculi
978 3671 1311 3745 similiter
1346 3667 1439 3743 de
1491 3664 1693 3744 nouo
1747 3684 2201 3756 transactae,
2239 3689 2411 3739 con·

211 3775 493 3852 sectam
520 3833 540 3868 ,
643 3778 834 3879 ipsas
899 3776 1282 3879 portiones
1343 3760 1953 3880 possessionarias
2024 3768 2413 3879 praelibati

215 3901 636 3959 conuentus
671 3885 746 3957 in
794 3881 1118 3957 iamfata
1157 3885 1622 3988 possessione
1668 3873 1917 3957 Archa
1974 3884 2413 3966 existentes,

220 3990 468 4067 eidem
510 3991 913 4066 con'uentui
950 3991 1022 4063 in
1073 4008 1523 4094 perpetuum
1564 3987 2047 4091 possidendas
2104 3989 2409 4060 restitu-

224 4114 336 4173 tas
389 4124 532 4172 nec
599 4124 750 4172 non
829 4096 1224 4200 quamdam
1283 4100 1707 4199 portionem
1769 4093 2417 4199 possessionariam

159 4284 160 4287 ,
222 4221 804 4282 memoratorum
858 4203 1152 4280 Alberti
1205 4221 1280 4278 et
1301 4208 1307 4215 ”
1347 4200 1701 4276 Dominae
1750 4196 2004 4279 matris
2058 4202 2281 4305 ipsius
2336 4199 2415 4271 in
