2926 4849
2117 496 2270 569 697

174 702 524 781 sessionis
557 696 1020 807 supradicte,
1076 728 1218 778 nec
1251 705 1670 808 nouit-ium
1705 706 2030 809 partium
2073 719 2381 783 annota-

175 831 253 888 te
301 810 665 912 portionis
711 809 1057 915 prelibati
1097 808 1331 906 Som‘,
1387 805 1658 886 vicinis
1708 831 1785 889 et
1831 814 2379 890 'commetaneis

171 918 323 994 suis
362 918 722 992 vniuersis
776 915 1102 1021 legitime
1147 911 1329 994 inibi
1386 922 1822 997 conuocatis
1890 937 1964 995 et
2021 919 2386 1023 presenti·

177 1026 321 1102 bus
357 1021 785 1100 accedendo
812 1080 833 1110 ,
885 1024 1178 1100 easdem
1213 1052 1385 1103 cum
1422 1025 1774 1101 omnibus
1819 1053 2076 1102 earum
2119 1023 2386 1122 vtilita-

91 1215 95 1220 ,
176 1130 372 1209 tibus
399 1188 421 1224 ‚
453 1129 735 1206 eisdem
773 1127 1149 1237 Stephano
1191 1152 1268 1210 et
1304 1133 1642 1236 Georgio
1684 1159 1768 1210 ac
1809 1133 2141 1237 ipsorum
2178 1134 2387 1211 here-

174 1239 397 1316 dibus
433 1267 475 1312 a
515 1234 709 1312 dicta
739 1258 1003 1340 quarta
1034 1259 1244 1344 parte
1286 1242 1655 1316 annotatis
1694 1239 2206 1317 Valentino'et
2248 1242 2426 1316 Mi:

138 1344 412 1425 ‘chaeli
452 1344 596 1448 jam
652 1361 964 1439 statuta,
1018 1350 1079 1422 si
1139 1374 1439 1425 necesse
1520 1347 1757 1437 foret,
1833 1349 2203 1422 metaliter
2266 1373 2380 1424 se-

174 1451 635 1557 questrando
672 1470 1070 1547 statueret,
1126 1474 1201 1531 et
1246 1458 1744 1530 committeret
1791 1473 2163 1557 perpetuo
2217 1480 2382 1557 pos·

176 1557 538 1638 sidendas.
594 1557 690 1633 Et
722 1579 895 1665 post
929 1558 1110 1638 haec
1159 1549 1386 1665 ipsius‘
1425 1560 1999 1667 possessionarie
2047 1566 2385 1637 statutio·

176 1671 295 1744 nis
334 1669 648 1758 seriem,
701 1672 759 1740 si
797 1694 1095 1746 necesse
1136 1669 1376 1763 foret,
1430 1669 1524 1745 ad
1582 1683 1882 1741 octauas
1939 1665 2111 1745 festi
2172 1669 2386 1752 Beati

180 1771 563 1853 Michaelis
621 1773 1042 1879 archangeli
1095 1803 1291 1853 nunc
1358 1775 1649 1851 venturi
1709 1772 2035 1849 Domino
2117 1794 2384 1852 nostro

178 1885 343 1988 regi
418 1878 739 1956 fideliter
848 1883 1299 1961 rescriberet
1387 1879 1812 1987 Capitulum
1885 1873 2386 1959 'Castril'errei

187 1985 722 2092 supradictum.
757 1990 1091 2065 Tandem
1120 1992 1297 2096 ipsis,
1332 1990 1618 2066 octauis
1645 1985 1805 2061 festi
1835 1987 2030 2062 beati
2071 1987 2387 2063 Michae4

180 2096 278 2170 lis
317 2092 740 2197 archangeli
781 2095 1392 2189 aduenientibus,
1447 2095 1776 2202 prefatus
1836 2092 2261 2200 Stephanus
2309 2093 2388 2170 fi·

182 2203 330 2280 lius
378 2200 651 2276 Mathie
691 2229 832 2304 pro
869 2230 950 2280 se
998 2202 1487 2309 personaliter
1559 2222 1634 2277 et
1694 2223 1831 2303 pro
1892 2201 2093 2277 dicto
2154 2202 2388 2276 Geor·

184 2310 313 2412 gio
355 2334 523 2383 cum
572 2328 1107 2413 procurator-ys
1162 2315 1388 2389 literis
1437 2310 1621 2386 dicti
1672 2306 1994 2411 Capituli
2038 2306 2388 2384 Cast-ifex·-

181 2417 302 2492 rei
338 2436 668 2491 nostrum
707 2413 1177 2520 judiciarium
1237 2419 1492 2495 adiens
1546 2433 2031 2515 conspectum
2056 2471 2078 2510 ‚
2137 2414 2387 2492 literas

156 2521 524 2599 -eiusdem
566 2521 883 2627 Capituli
918 2554 1142 2631 super
1182 2528 1555 2635 premissis
1605 2519 1914 2597 domino
1970 2539 2224 2597 nostro
2273 2549 2388 2598 re·

183 2633 258 2732 gi
315 2633 914 2733 rescriptionales
971 2636 1190 2713 nobis
1253 2633 1715 2740 presentauit
1766 2627 2122 2705 habentes
2183 2625 2422 2706 hune·

185 2757 576 2814 tenorem:
649 2737 1141 2822 serenissimo
1211 2741 1534 2844 principi
1603 2737 1927 2813 Domino
1995 2733 2385 2815 Ludouico

179 2845 311 2919 ‘dei
349 2843 581 2945 gratia
618 2844 875 2923 inclito
913 2856 1066 2948 regi
1110 2850 1488 2951 Hungarie
1512 2838 1820 2920 domino
1862 2843 2202 2945 ipsorum
2236 2871 2387 2920 me·

182 2949 505 3042 tuend0,
564 2949 985 3054 Capitulum
1018 2954 1076 3027 F
1078 2957 1343 3030 eclesie
1380 2950 1847 3027 Castril'errei
1884 2950 2258 3024 orationes
2300 2954 2379 3024 in

184 3057 341 3135 filio
372 3055 675 3159 virginis
708 3057 1031 3160 gloriose
1088 3062 1405 3137 Nouerit
1437 3074 1681 3134 vestra
1717 3052 2093 3129 Serenitas
2116 3111 2133 3138 ,
2172 3055 2382 3157 quod

183 3192 359 3243 cum
399 3190 535 3238 nos
567 3170 890 3271 acceptis
931 3168 1161 3244 literis
1197 3165 1572 3270 Magnifici
1615 3163 1757 3238 viri
1803 3158 2115 3235 Comitis
2163 3164 2387 3238 Jaco-

184 3272 265 3350 bi
300 3268 393 3345 de
438 3267 728 3377 Scepus
771 3275 819 3347 J
826 3273 1058 3352 udicis
1100 3277 1322 3353 Curie
1362 3291 1607 3350 vestre
1638 3269 1957 3344 sormam
1996 3266 2274 3372 Judicy
2310 3287 2388 3345 et

178 3375 740 3472 ‘deliberationis
780 3383 1109 3459 eiusdem
1145 3376 1769 3487 exprimentibus,
1824 3373 2243 3452 Johannem
2289 3374 2383 3451 fi·

189 3487 374 3563 lium
404 3483 614 3561 Boda
659 3485 753 3561 de
804 3486 1009 3565 Bede
1056 3508 1427 3583 vestrum,
1484 3504 1560 3562 et
1621 3483 2026 3557 Dominum
2084 3483 2383 3558 Petrum

189 3588 453 3668 Chedd
498 3590 710 3668 chori
759 3595 1072 3693 ecclesie
1132 3614 1389 3673 nostre
1432 3588 1930 3670 Sacerdotem
1992 3587 2392 3691 diligenter

187 3699 604 3777 conuocari
623 3698 957 3800 fecimus,
985 3703 1439 3807 eosdemque
1468 3697 2009 3778 conscientiose
2054 3696 2389 3798 requisi-

193 3803 720 3883 toshabuimus
776 3807 1233 3913 Quiquidem
1267 3828 1503 3888 vester
1527 3825 1601 3881 et
1630 3820 1880 3879 noster
1897 3800 2237 3880 homines
2261 3828 2390 3877 no·

189 3912 310 3989 bis
330 3911 813 3989 concorditer
850 3915 1308 4011 retulerunt,
1365 3913 1571 4017 quod
1607 3910 1752 4015 ipsi
1790 3910 1863 3983 in
1905 3912 2186 3985 octauis
2224 3909 2387 3985 festi
2435 3946 2470 3969 -·

192 4044 412 4123 pasce
457 4018 753 4099 Domini
796 4026 1132 4117 proxime
1157 4026 1529 4127 preteritis
1561 4017 1651 4096 ad
1693 4016 1957 4090 faciem
1989 4017 2390 4119 possessio-
2436 4084 2440 4088 ,
2541 4012 2548 4017 ’

191 4132 404 4202 narie
476 4127 843 4226 portionis
901 4131 1221 4208 condam
1260 4130 1439 4206 Som
1478 4127 1561 4204 in⁴
1611 4124 2070 4230 possessione
2123 4123 2387 4198 Halas-

191 4252 350 4313 tow
384 4230 679 4329 habite,
733 4255 958 4340 prout
998 4242 1069 4314 in
1098 4237 1255 4339 alys
1288 4235 1520 4319 literis
1559 4232 1828 4335 nostris
1860 4230 2130 4307 Vestre
2171 4228 2387 4308 Sere-
