2926 4849
572 501 756 575 ι98

543 733 752 800 rum,
784 699 1104 811 predicti
1138 704 1348 808 regni
1374 685 1723 780 Poloniae
1756 687 2091 779 homines
2109 755 2132 798 ,
2161 700 2436 780 nostris
2467 697 2734 803 regni-

542 816 722 894 colis
754 805 1116 890 illatarum
1143 811 1685 888 reformatione
1702 833 1953 885 sumus
2002 807 2526 901 transmissuri3
2578 805 2734 910 [gi-

546 938 670 998 tur
707 919 1044 998 fidelitati
1063 915 1630 1023 Vestrae'Regio
1668 935 1923 993 nostro
1959 915 2097 993 sub
2130 914 2372 992 edicto
2410 911 2736 988 firmiter

543 1027 1080 1212 &accipiendo
1114 1017 1596 1118 mandamus,
1650 1040 2015 1125 quatenus
2051 1045 2311 1101 omnes
2347 1037 2426 1096 et
2464 1019 2753 1125 quasli-‘

644 1155 671 1212 t
704 1135 1049 1227 iniurias,
1104 1125 1245 1209 ne‘c
1284 1158 1436 1207 non
1467 1131 1734 1207 damna
1773 1129 2055 1214 vobis,·
2083 1147 2210 1203 aut
2256 1127 2753 1233 quibuscum-¹
2812 1169 2817 1174 ·

544 1255 694 1346 que
739 1235 1013 1318 ¹vestris
1061 1237 1493 1317 conciuibus
1537 1263 1675 1340 per
1714 1237 2030 1343 praefati
2074 1237 2321 1340 Regni
2373 1233 2737 1329 Poloniae

411 1401 424 1405 -
540 1347 954 1453 regnicolas
978 1404 1000 1443 ,
1081 1343 1739 1451 quandocunque,
1796 1342 2527 1449 quomodocunque,
2598 1351 2737 1416 aut

539 1458 618 1534 in
660 1453 1230 1560 quibuscunque
1272 1451 1483 1526 factis
1511 1454 1712 1527 'etin
1768 1452 2098 1550 negociis
2153 1450 2518 1551 irrogata,
2592 1447 2731 1523 di-

534 1563 843 1638 scretius
900 1563 1293 1665 registrare
1312 1578 1352 1652 ,·
1432 1560 1970 1663 registr-utaque
2042 1557 2392 1661 praefatis
2452 1556 2730 1630 nostris

538 1666 890 1746 Praelatis
917 1684 996 1744 et
1024 1662 1436 1743 Baronibus
1473 1666 1568 1740 ad
1600 1665 1850 1741 locum
1888 1681 1964 1738 et
2001 1667 2402 1741 terminum
2438 1658 2732 1764 praedi-

532 1792 737 1851 ctum
757 1793 898 1881 per
932 1773 1293 1875 quosdam
1332 1772 1640 1849 Vestro's
1675 1772 2044 1847 Conciues
2081 1768 2175 1845 ad
2211 1769 2357 1846 hoe
2489 1786 2604 1846 tos
2641 1759 2755 1845 et*

532 1879 890 1978 idoneos,
945 1879 1043 1955 de
1079 1879 1449 1985 premissis
1482 1904 1620 1983 per
1667 1905 1799 1955 vos
1852 1877 2300 1954 sufficienter
2351 1797 2727 1980 {triform-

531 2005 643 2063 tos
666 2038 693 2081 ,
748 1989 1244 2064 transmittere
1283 1985 1643 2062 debeatis.
1702 1982 1983 2060 Datum
2048 1980 2345 2060 Posonii
2392 1986 2465 2057 in
2527 1982 2725 2058 festo

532 2094 1009 2171 Ascensionis
1040 2095 1340 2170 Domini
1373 2094 1613 2169 nostri
1644 2093 1825 2168 Jesn
1875 2087 2170 2168 Christi.
2230 2092 2454 2167 Anno
2512 2091 2722 2165 eius-

528 2199 708 2278 dem
743 2199 1247 2274 MCDXXIX.
1308 2197 1745 2300 Regnorum
1777 2217 2203 2275 nostrorum
2238 2197 2461 2273 Anno
2492 2197 2724 2271 Hun-

527 2306 777 2411 gariae
808 2325 949 2382 etc.
1003 2305 1564 2407 quadragesimo
1624 2306 1848 2380 tertio
1862 2337 1891 2398 ·,
1945 2306 2465 2382 Romanorum
2518 2301 2725 2379 deci-

525 2438 654 2490 mo
700 2417 945 2507 nono,
1000 2428 1081 2488 et
1123 2411 1524 2488 Bohemiae
1567 2410 1839 2487 nono.“

612 2551 704 2608 Ex
736 2543 1029 2629 originali·
1072 2548 1353 2627 Wagner
1388 2543 1607 2607 Comit-
1657 2547 1856 2606 Saros.
1903 2565 1965 2627 p.
2012 2546 2286 2612 104—5.

1516 2712 1671 2786 «Χ.

529 2862 675 2916 Idam
706 2855 1096 2931 sigismundus
1126 2867 1328 2908 contra
1364 2864 1529 2906 aecus
1564 2855 1947 2922 potentior-ios
1991 2870 2100 2923 per
2133 2849 2409 2924 officiales
2458 2854 2526 2910 A.
2572 2855 2725 2925 Epi·-

704 2956 866 3022 scopi
891 2949 1303 3022 strigoniensis
1342 2949 1405 3000 de
1433 2950 1687 3016 Piispb‘ki
1714 2947 1780 3001 in
1799 2951 2059 3017 portiom
2079 2951 2550 3018 possessionen-ia
2592 2950 2723 3003 Cel-

722 3043 814 3113 ζγο
846 3054 1195 3114 perpetratos
1227 3040 1452 3111 inquiri
1473 3057 1581 3110 per
1625 3042 1959 3094 Comitaeum
2000 3041 2407 3107 Potoniiulce·
2442 3041 2512 3098 A.
2554 3041 2722 3103 1429.

731 3149 1219 3227 Serenissimo
1262 3146 1582 3250 Principi
1627 3148 1950 3222 Domino
1998 3148 2517 3250 sigismundo,
2576 3150 2723 3226 Dei

539 3260 792 3367 gratia.
848 3260 1357 3334 Romanorum
1394 3255 1554 3353 regi
1582 3281 1881 3358 semper
1930 3254 2319 3358 Augusto,
2384 3284 2475 3334 ac
2509 3257 2725 3332 Hun-

540 3370 833 3468 gariae‚
900 3359 1297 3438 Bohemiae
1334 3414 1356 3454 ,
1445 3360 1890 3456 Dalmatiae,
1962 3358 2301 3439 croatiae
2361 3383 2504 3441 etc.
2560 3367 2727 3468 regi

544 3474 870 3552 Domino
925 3469 1258 3572 ipsorum
1326 3467 1671 3567 gratioso.
1731 3467 2152 3572 Stephanus
2209 3471 2304 3545 de
2358 3473 2729 3575 Rozgony

541 3584 809 3657 Comes
875 3593 950 3653 et
1006 3571 1306 3651 Judices
1361 3573 1741 3649 Nobilium
1797 3577 2203 3657 Comitatus
2258 3577 2741 3655 Posoniensis

411 3692 420 3707 '
549 3684 994 3786 obsequium
1028 3681 1397 3758 seruitutis
1443 3698 1807 3785 perpetua
1869 3706 2039 3758 cum
2092 3682 2466 3760 fidelitate.
2523 3686 2735 3763 Lite.-

546 3820 662 3873 ras
704 3794 1004 3867 Vestrae
1045 3786 1480 3864 Set-enitatis
1512 3789 2010 3890 inquisitorias
2040 3792 2256 3868 nobis
2292 3809 2738 3896 praecepto·

546 3903 655 3977 rie
703 3898 1018 3975 directas
1051 3896 1253 3971 omni
1288 3920 1463 3970 cum
1501 3899 1925 3972 reuerentia
1990 3915 2063 3973 et
2109 3896 2537 3974 obedientia
2590 3925 2739 3974 no-

549 4006 807 4085 ueritis
838 4030 974 4079 nos
1002 4005 1366 4106 recepisse
1391 4003 1474 4076 in
1508 3999 1689 4080 haec
1722 4006 1984 4079 verba:
2039 4004 2550 4109 sigismundus
2588 4006 2735 4082 Dei

542 4113 772 4213 gratia
793 4167 815 4207 ,
858 4111 1376 4188 Romanorum
1405 4111 1571 4185 Rex
1606 4137 1902 4215 semper.
1938 4111 2315 4216 Augustus
2337 4170 2359 4210 ,
2396 4141 2487 4188 ac
2515 4114 2734 4188 Hun-

538 4222 827 4322 ganiae,
882 4216 1309 4311 Bohemiae,
1365 4216 1815 4316 Dalmatiae,
1872 4219 2212 4301 Croatiae
2239 4278 2257 4305 ,
2335 4236 2474 4298 etc.
2527 4222 2726 4298 Rex.
