2926 4849
2085 445 2230 516 ⁷21

178 645 427 751 Egegli
472 651 707 750 virgas
751 674 987 721 secan.
1045 649 1414 749 reperien.
1477 675 1693 724 vnam
1741 653 2060 738 securim
2093 655 2341 727 minus

174 764 361 831 iuste
403 772 478 828 et
511 751 835 828 indebite
873 752 965 828 ab
1011 754 1274 830 eodem
1323 757 1395 828 vi
1446 773 1520 829 et
1559 757 2060 857 potentialiter
2100 756 2341 834 abstu-

178 862 434 937 lissent
456 915 481 949 ,
544 887 766 959 quam
809 859 1003 964 apud
1038 887 1115 935 se
1155 867 1309 965 ipse
1352 864 1756 961 Gregorius
1792 863 2102 937 Wessen
2126 920 2148 956 ,
2181 868 2346 939 reti-

176 984 439 1060 neret,
512 966 606 1040 de
653 970 1044 1070 praesenti.
1129 967 1516 1042 Praeterea
1576 969 1943 1070 praefatus
2014 971 2343 1045 Valenti·

179 1101 327 1150 nus
350 1073 442 1147 de
480 1073 670 1147 dicta
722 1073 1075 1173 Kiralyfia
1124 1074 1468 1149 similiter„
1508 1076 1958 1179 temporibus
2012 1105 2159 1154 non
2215 1076 2345 1150 diu

178 1182 592 1285 praeteritis
631 1198 833 1256 ortos
888 1207 1059 1256 suos
1133 1207 1220 1254 ac
1297 1199 1501 1282 septa
1563 1201 1895 1256 ortorum
1957 1185 2031 1255 in
2092 1185 2347 1259 eadem

179 1285 533 1386 Kiralyfia
568 1288 842 1360 maiora
885 1304 958 1362 et
1004 1286 1263 1363 latiora
1302 1285 1562 1361 facien.
1623 1287 1987 1387 quandam
2032 1291 2348 1393 particu-

178 1395 322 1468 lam
380 1412 617 1469 terrae
675 1393 900 1494 ipsius
961 1394 1437 1468 possessionis·
1497 1390 1729 1498 Saagh
1807 1422 1975 1469 cum
2030 1399 2348 1499 propriis

100 1563 101 1566 ,
182 1504 449 1604 septis,
524 1500 680 1608 siue
737 1499 1035 1601 sepibus
1091 1497 1589 1594 includendo,
1652 1527 1788 1603 pro
1848 1528 1923 1575 se
1982 1502 2346 1604 adiunge-

179 1634 265 1681 re
322 1604 617 1680 fecisset
659 1608 981 1706 potentia
1026 1607 1412 1679 mediante.
1467 1608 1542 1679 in
1590 1607 2124 1709 praeiudicium
2163 1610 2354 1718 ipso-

182 1741 349 1788 rum
398 1713 767 1800 Valentini
807 1714 1209 1814 Praepositi
1250 1728 1321 1784 et
1366 1711 1793 1787 Conuentus
1837 1713 2197 1790 Ecclesiae
2258 1716 2350 1790 de

182 1818 477 1922 Saagh,
525 1834 611 1891 et
646 1816 997 1892 damnum
1037 1841 1182 1890 non
1226 1816 1623 1892 modicum.
1677 1820 1937 1893 Datum
1978 1838 2188 1895 sexto
2232 1823 2352 1896 die

182 1926 334 2000 diei
375 1925 863 2026 inquisitionis
900 1941 1397 2026 praenotatae.
1457 1926 1677 2000 Anno
1722 1925 2013 2004 Domini
2053 1926 2352 2002 ivl-illesi-

178 2059 310 2107 mo
344 2029 1066 2133 quadringentesimo
1106 2033 1473 2106 tricesimo
1521 2032 1848 2136 quint0.“
1909 2027 1991 2108 L,
2049 2033 2126 2110 S.
2161 2083 2166 2088 -

225 2164 228 2167 ’
269 2163 358 2220 Ex
386 2156 646 2220 archiuo
680 2158 993 2220 camerali.

958 2341 1474 2418 CCCXXXVI
1485 2340 1566 2414 ll.

181 2487 503 2558 Capitulum
541 2488 961 2556 Vesprimieme
997 2486 1198 2539 literas
1231 2483 1461 2539 Nicolai
1479 2486 1669 2538 Konelz
1698 2489 1972 2556 quondam
2003 2489 2257 2543 Palatini
2290 2496 2352 2546 de

378 2597 529 2631 anno
575 2576 727 2632 1365.
758 2595 862 2647 pro
898 2577 1207 2650 Gracc-'feris
1244 2578 1305 2627 de
1344 2575 1487 2628 Alba
1522 2579 1845 2629 transumit.
1886 2577 1953 2634 A.
1999 2578 2152 2635 1⁴35.

375 2689 530 2762 Nos
564 2686 980 2787 Capitulum
1019 2684 1390 2762 Ecclesiae
1443 2687 2042 2789 wesprimiensis
2081 2717 2351 2769 memo·

138 2800 337 2890 ⁴riae
393 2793 1030 2876 commendamus.
1107 2791 1310 2892 quod
1379 2791 1759 2891 religiosus
1831 2798 1947 2869 vir
1999 2798 2353 2873 Dominus

178 2904 437 3001 Frater
496 2900 924 2974 Dominicus
976 2898 1312 2973 Crucifer
1374 2899 1662 2971 Domus
1717 2899 2092 3001 hospitalis
2153 2908 2350 2980 Beati

180 3011 377 3112 regis
433 3005 790 3109 Stephani
843 3004 937 3078 de
995 3004 1185 3078 Alba
1218 3057 1242 3096 ,
1296 3027 1550 3078 coram
1595 3004 1810 3078 nobis
1865 3012 2352 3107 personaliter

176 3116 664 3204 constitutus,
726 3110 938 3184 nobis
982 3110 1337 3212 quasdam·
1367 3110 1601 3183 literas
1647 3114 2018 3210 quondam
2072 3117 2349 3214 Magni·

176 3222 307 3298 fici
348 3222 506 3296 Viri
545 3218 834 3294 Nicolai
881 3217 1173 3308 Konth,
1235 3218 1406 3291 olim
1447 3219 1658 3317 regni
1690 3217 2110 3316 Hnngariae
2156 3224 2348 3296 Pala-

184 3332 327 3411 tini
373 3347 447 3403 et
482 3326 757 3401 Judicis
797 3329 1335 3407 Cumanorum,
1394 3323 1652 3426 ‹sigillo
1719 3326 2052 3400 eiusdem
2093 3358 2132 3401 a
2188 3348 2344 3405 ter·-
2423 3396 2428 3399 .

175 3462 282 3539 go
318 3428 768 3535 consignatas
806 3429 1200 3525 (exhibuit)
1252 3446 1505 3529 petens
1546 3456 1678 3504 nos
1709 3431 1954 3506 debita
1995 3460 2165 3508 cum
2214 3438 2345 3510 in·-

175 3543 485 3632 stantia‚
542 3556 621 3610 vt
669 3537 962 3613 easdem
1005 3538 1098 3610 de
1141 3537 1376 3611 verbo
1428 3534 1518 3608 ad
1585 3537 1897 3611 verbum
1957 3543 2346 3618 transcribi

176 3668 264 3725 et
311 3649 659 3722 transumi
705 3642 990 3734 facere,
1046 3660 1120 3717 et
1160 3662 1452 3719 tenores
1501 3643 1923 3717 earumdem
1984 3647 2118 3719 sibi
2167 3653 2346 3726 dare

177 3774 262 3831 et
295 3751 1211 3852 concederedignaremur
1245 3751 1285 3821 J
1295 3750 1441 3823 uris
1478 3751 1587 3822 sui
1629 3749 2042 3825 uberior-em
2071 3754 2156 3825 ad
2184 3784 2348 3831 cau·
2463 3774 2470 3781 “

174 3863 443 3943 telam,
502 3871 812 3958 quarum
858 3852 1160 3957 quid-em
1202 3856 1579 3929 literarum
1647 3860 1860 3930 tenor
1898 3861 1955 3931 is
1995 3877 2138 3935 est:
2198 3865 2349 3936 Nos

177 3966 532 4045 Nicolaus
562 3958 808 4043 Konth
852 3961 1064 4055 (ν.εά
1107 3989 1217 4033 an.
1268 3964 1528 4059 1365.)
1584 3963 1738 4035 Nos
1773 3965 2023 4065 itaque
2065 3970 2353 4067 petitio-

182 4074 414 4152 nibus
456 4076 679 4177 ipsius
720 4070 992 4144 Fratris
1028 4069 1402 4143 Dominici
1442 4094 1528 4142 ae
1563 4068 2351 4166 iustitiae'annuenteS‚

186 4184 678 4287 praescriptas
724 4176 971 4250 literas
1035 4174 1257 4276 ipsius
1320 4172 1690 4279 quondam
1759 4177 2045 4250 Nicolai
2106 4181 2356 4255 Konth

305 4290 515 4363 Tom.
566 4288 656 4357 X..
713 4282 880 4355 Vol.
937 4279 1091 4353 vn.
1881 4290 1977 4358 46
