2926 4849
601 477 755 550 398

494 685 716 763 tibus.
771 683 867 760 Et
923 701 1091 789 post
1140 683 1322 761 haec
1379 686 1604 789 ipsius
1656 683 2276 787 possessionatiae
2325 678 2699 785 adaequa·

494 795 761 886 tionis,
817 810 894 867 et
943 794 1376 870 statucionis
1400 794 1754 884 seriem,
1830 807 1909 870 vt
1962 785 2185 865 fuerit
2247 788 2700 894 expediens,

492 901 584 977 ad
627 918 926 976 octauas
954 900 1120 975 festi
1158 897 1739 1004 Epiphaniarum
1770 898 2117 989 Domini,
2149 898 2483 970 similiter
2521 913 2703 971 tunc

496 1026 760 1083 ventui
765 1033 878 1088 as
939 1010 1265 1084 Domino
1308 1021 1571 1081 nostro
1614 1003 1931 1079 fideliter
1969 1004 2417 1082 rescriberet
2473 1004 2703 1108 Capi-
2830 1055 2833 1058 ι

499 1113 735 1192 tulum
783 1113 1111 1190 Albense
1149 1129 1683 1218 praenotatum.
1740 1115 1804 1185 A
1846 1112 2121 1216 quibus
2155 1111 2463 1213 quidem
2505 1127 2707 1185 octa-

501 1225 613 1297 uis
674 1221 846 1296 festi
889 1216 1461 1325 Epiphaniarum
1519 1220 1860 1311 Domini,
1896 1218 2111 1294 dum
2167 1217 2522 1293 discussio
2582 1241 2705 1291 re-

500 1313 838 1433 portatae
877 1326 1093 1403 seriei
1130 1352 1748 1428 praemissorum,
1832 1342 2080 1431 partes
2137 1327 2333 1400 inter
2386 1349 2706 1428 praeno-

503 1452 683 1512 tatas
722 1433 1130 1511 secundum
1164 1439 1427 1510 seriem
1462 1436 1840 1508 literarum
1877 1451 2304 1508 nostrarum
2344 1458 2707 1534 proroga·

505 1545 873 1626 toriarum,
901 1541 1374 1632 ventilando,
1430 1559 1731 1616 octauas
1776 1523 1946 1615 festi
2002 1541 2078 1614 B.
2135 1539 2443 1642 Geoigii
2503 1536 2707 1612 Mar-

503 1652 689 1760 tyris
729 1648 1072 1771 proxime
1116 1650 1546 1748 praeteritas
1602 1646 1907 1721 dilatiue
1957 1648 2351 1749 attigisset3
2409 1643 2709 1722 tandem

502 1755 680 1863 ipsis
731 1756 1017 1832 octauis
1070 1754 1241 1829 festi
1293 1756 1390 1829 Β.
1466 1753 1774 1854 Georgii
1847 1752 2207 1851 Martyris
2272 1750 2713 1828 instantibus

505 1857 882 1966 praefatus
924 1862 1288 1937 Dominus
1328 1863 1742 1965 Gregorius
1771 1861 2115 1935 Decanus
2166 1886 2310 1964 pro
2368 1858 2709 1980 praefato

508 1967 855 2076 capitulo
888 1969 1259 2045 Ecclesiae
1291 1968 1912 2093 Vesprimiensis,
1958 1991 2127 2041 cum
2180 1965 2713 2070 procuratoriis

507 2077 745 2154 literis
782 2074 878 2149 ab
922 2101 1069 2151 vna
1114 2092 1367 2178 parte,
1400 2081 1459 2150 si
1508 2073 1810 2175 quidem
1849 2073 1944 2147 ab
1987 2072 2123 2147 alia
2156 2072 2521 2150 antefatus
2562 2073 2717 2149 Do·

508 2185 760 2260 minus
801 2183 1063 2258 Paulus
1107 2181 1488 2272 Decanus,
1550 2208 1687 2286 pro
1735 2179 2068 2284 praefato
2118 2183 2440 2256 Domino
2488 2180 2717 2272 Joan-

510 2315 607 2365 ne
658 2290 1094 2392 Praeposito
1146 2307 1223 2365 et
1257 2289 1605 2394 Capitulo
1665 2285 2039 2362 Ecclesiae
2109 2285 2472 2364 Budensis
2537 2313 2717 2362 cum

510 2396 1046 2502 procuratoriis
1078 2393 1314 2472 literis
1352 2392 1683 2477 eiusdem
1725 2395 2143 2497 Capituli,
2122 2421 2202 2470 m
2242 2414 2571 2472 nostram
2595 2421 2719 2470 ve·
2774 2413 2783 2427 “

512 2504 727 2579 niens
774 2507 1311 2609 praesentiam,
1365 2531 1452 2579 ae
1499 2504 2036 2608 praescriptam
2071 2521 2405 2579 nostram
2444 2495 2739 2578 iudicia'

514 2612 699 2684 riam
739 2611 1339 2686 commissionem
1383 2612 1584 2684 inter
1615 2624 1872 2734 partes
1905 2628 2371 2713 praenotatas
2403 2626 2722 2714 propter

516 2742 674 2790 non
709 2716 1159 2792 venientium
1190 2714 1514 2791 hominis
1550 2717 1740 2817 regii
1774 2717 2078 2791 minime
2117 2717 2413 2799 effectui
2448 2719 2723 2790 manci·

511 2838 760 2926 patam
797 2819 1012 2915 fore,
1066 2824 1508 2916 recitantes,
1564 2823 2012 2923 easdemque
2057 2842 2302 2927 partes
2348 2824 2443 2901 ad
2493 2826 2720 2899 itera·
2803 2836 2807 2845 ‘

517 2947 664 3007 tam
720 2931 1245 3007 executionem
1299 2932 1875 3054 praemissomm
1935 2955 2077 3034 per
2135 2957 2272 3005 nos
2326 2931 2722 3008 transmitti

515 3036 1021 3141 postularant3
1081 3053 1160 3114 et
1203 3043 1376 3142 quia
1428 3036 1520 3111 ad
1584 3065 1670 3112 ea
1726 3034 2061 3113 facienda
2099 3041 2346 3141 regius
2405 3053 2483 3113 et
2540 3036 2723 3111 dicti

517 3144 844 3247 Capituli
881 3142 1224 3221 Alliensis
1254 3142 1592 3221 homines
1634 3145 2033 3223 transmitti
2072 3143 2349 3221 debere
2379 3144 2520 3220 visi
2564 3140 2723 3218 fue·

517 3268 731 3342 rant,
787 3276 930 3354 pro
970 3277 1064 3325 eo
1107 3240 1503 3326 amicitiam
1551 3249 1883 3326 eiusdem
1939 3252 2259 3356 Capituli
2314 3252 2722 3328 literatorie

516 3355 972 3537 petieramus
1019 3355 1473 3463 diligenter,
1534 3374 1901 3458 quatenus
1954 3360 2292 3463 ipsorum
2341 3358 2724 3433 mitte'rent

461 3524 464 3529 -
568 3490 857 3549 omlnes
912 3484 1053 3568 pro
1107 3468 1440 3568 Vtrisque
1466 3452 1868 3568 partibus,
1937 3464 2083 3549 fide
2145 3466 2479 3587 dignos&
2538 3463 2722 3565 qui-

520 3568 660 3647 bus
713 3569 1228 3677 praesentibus
1274 3568 1500 3646 homo
1558 3570 1812 3674 regius
1873 3570 1968 3647 de
2023 3575 2250 3649 Curia
2323 3573 2528 3675 regia
2582 3597 2724 3675 per

520 3703 658 3753 nos
691 3678 783 3753 ad
836 3678 911 3754 id
958 3679 1385 3783 specialiter
1439 3677 1877 3783 deputatus,
1932 3682 2199 3784 quinto
2249 3679 2541 3756 decimo
2599 3674 2720 3752 die

521 3781 690 3860 festi
728 3785 986 3861 beatae
1045 3783 1346 3888 Marga1
1329 3783 1560 3861 ethae
1616 3785 1941 3887 Virginis
2001 3803 2077 3862 et
2126 3787 2475 3887 Martyris
2541 3801 2726 3859 tunc

519 3909 885 3985 venturo,
941 3909 1019 3968 et
1046 3892 1205 3969 aliis
1242 3891 1511 3967 diebus
1550 3891 1643 3967 ad
1687 3892 1762 3967 id
1823 3895 2010 4026 aptis
2063 3911 2140 3969 et
2191 3889 2727 3970 sufficientibus

520 3992 615 4070 ad
662 3998 930 4074 faciem
961 3999 1205 4076 dictae
1258 4000 1746 4104 possessionis
1785 3996 1999 4102 Nagy
2058 3997 2321 4077 Pechel
2375 4016 2724 4089 vocatae,

523 4102 784 4183 vicinis
823 4124 900 4181 et
933 4108 1459 4184 commetaneis
1501 4105 1831 4182 eiusdem
1876 4110 2236 4184 vniuersis
2270 4107 2457 4183 inibi
2492 4106 2726 4207 legiti-

515 4233 643 4290 me
683 4213 1120 4292 conuocatis
1139 4229 1236 4299 et
1275 4212 1794 4319 praesentibus
1831 4213 2178 4317 legitimis
2217 4212 2723 4292 Procuratori·
