2926 4849
2072 539 2225 614 355

152 760 592 823 reserantem
645 743 777 820 tibi
841 767 997 821 esse
1048 738 1389 843 cupimus
1446 755 1526 817 et
1573 742 1973 848 speramus.
2071 745 2337 824 Datum
2450 723 2453 730 f

152 847 341 958 apud
385 843 694 927 Sanctos
728 845 1132 953 Apostolos
1168 845 1419 925 Idibus
1447 845 1811 928 'sanum-ii.
1869 845 2340 932 pontificatus

154 961 385 1039 nostri
424 983 622 1033 anno
658 955 915 1033 XIV.“

233 1085 423 1173 Apud
458 1086 849 1171 Dlugossnm·

1006 1255 1495 1335 cxxxvm.

153 1408 292 1463 Idam
330 1406 495 1478 Papa
525 1377 969 1477 &ittig—iollam,
1004 1406 1214 1458 Ducem
1249 1397 1631 1478 Liehvaniaa‚
1668 1407 1821 1477 quod
1844 1395 2198 1465 Vlaaeh‘slaum
2228 1413 2340 1465 1³0-

342 1495 537 1550 loniae
587 1515 761 1568 regem
793 1508 1018 1567 capsum
1060 1494 1346 1555 detineat,
1385 1495 1772 1566 reprehendi),
1821 1501 1900 1551 ad
1950 1513 2173 1573 eumqua
2207 1493 2345 1556 aze-

273 1661 278 1662 r
340 1587 578 1639 randum
610 1595 807 1639 monet.
843 1584 910 1639 A.
961 1574 1116 1638 1431.
1277 1575 1278 1578 ¹
1804 1587 1815 1592 '

341 1699 706 1776 Martinus
749 1693 1197 1802 Episcopus,
1229 1695 1517 1774 Seruus
1555 1693 1966 1776 Seruorum
2006 1701 2185 1801 Dei,
2223 1705 2349 1782 Di·

152 1811 345 1887 lecto
389 1805 540 1883 filio
575 1865 597 1903 ,
653 1805 905 1882 Nobili
974 1803 1202 1899 Viro,
1257 1803 1450 1880 Duci
1509 1793 1986 1900 Lithuaniae‚
2044 1807 2348 1887 Switri-

153 1905 395 2023 giello.
459 1915 646 1988 Cum
680 1914 882 1988 Deus
917 1911 1390 2012 omnipotens
1423 1910 1657 1986 Beato
1693 1913 1914 1987 Petro
1956 1913 2028 1991 et
2060 1915 2353 1992 succes-

152 2022 449 2100 soribus
484 2016 655 2114 suis,
696 2045 782 2096 ac
803 2017 1019 2093 nobis
1045 2016 1268 2119 quiin
1301 2015 1472 2093 sede
1508 2017 1764 2120 eadem
1800 2019 2138 2097 sedemus
2176 2022 2354 2116 licet

151 2129 550 2221 immeriti,
605 2140 1056 2231 potestatem
1097 2120 1389 2198 dederit
1422 2151 1649 2226 super
1683 2142 1877 2201 terra
1923 2126 2189 2233 ligandi
2232 2148 2355 2204 at-

151 2262 296 2343 que
334 2235 677 2311 soluendi
714 2229 969 2309 fideles
995 2288 1012 2316 ,
1072 2239 1267 2333 quos
1311 2233 1687 2306 cernimus
1723 2233 1792 2305 in
1833 2231 2133 2340 aliquod
2176 2260 2351 2341 pee-

151 2360 444 2435 catum,
499 2340 890 2444 instigante
932 2338 1140 2414 hoste
1172 2333 1472 2413 humani
1529 2338 1826 2441 generis
1878 2363 2038 2417 esse
2091 2341 2353 2448 prola-

149 2477 362 2558 psos,
405 2448 731 2524 libenter
770 2448 890 2550 pia
920 2446 1277 2521 charitate
1315 2446 1407 2518 ad
1469 2447 2011 2554 poenitentiam
2054 2448 2345 2527 reduci·

147 2585 358 2653 mus,
415 2574 495 2630 vt
546 2582 805 2631 eorum
853 2556 1128 2628 animas
1201 2550 1665 2653 aliquatenus
1726 2552 2139 2651 saluemus3
2195 2556 2339 2647 ita,

146 2663 353 2772 quod
393 2656 470 2737 in
516 2658 905 2738 tremendo
930 2657 1210 2737 iudicio
1247 2652 1488 2734 libere
1528 2668 1605 2734 et
1643 2658 1920 2736 munde
1947 2682 2392 2767 compare-·
2459 2751 2467 2758 ,

145 2790 270 2849 ant
303 2796 558 2847 coram
603 2767 897 2844 Christo
922 2823 942 2860 ‚
1008 2767 1167 2841 Deo
1203 2782 1499 2859 nostro;
1554 2768 1956 2844 sentientes
2000 2766 2232 2872 igitur
2274 2784 2349 2848 te

141 2875 422 2984 grande
484 2873 766 2952 facinus
833 2899 1085 2949 ausum
1143 2897 1339 2962 esse,
1415 2888 1496 2949 et
1552 2892 1857 2948 enorme
1968 2894 2301 2953 eccatum
2326 2935 2346 2964 ,

142 2983 633 3077 commisisse,
691 2984 766 3056 in
836 3000 1228 3084 personam
1281 2974 1681 3052 charissimi
1734 2977 1809 3053 in
1936 2976 2163 3057 bristo
2214 2982 2347 3060 filii

142 3092 422 3184 nostri,
479 3082 911 3181 Wladislai,
967 3083 1315 3160 Poloniae
1346 3070 1544 3186 reg‘is
1590 3081 1941 3178 illustris,
2060 3092 2344 3165 ermani

141 3203 289 3284 tui,
348 3224 523 3274 eum
558 3194 736 3270 nihil
775 3202 923 3271 ate
975 3189 1117 3266 tale
1166 3206 1593 3282 verentem,
1649 3206 1793 3266 nec'
1849 3210 2020 3298 susp
2051 3212 2339 3271 cantem

139 3303 492 3414 quidem,
546 3307 624 3377 in
665 3300 986 3404 quodam
1035 3314 1276 3374 castro
1315 3296 1755 3373 Lithuaniae
1793 3297 2203 3378 detinendo
2265 3320 2342 3381 et

137 3412 450 3522 propria
489 3409 827 3485 libertate
866 3402 1262 3514 priuando,
1304 3406 1665 3479 miramur
1704 3424 1930 3506 atque
1971 3404 2338 3507 dolemus,

142 3520 355 3627 quod
396 3537 477 3595 tu
505 3542 843 3622 praesum
900 3515 1081 3591 seris
1103 3514 1393 3587 mittere
1424 3512 1778 3588 violentas
1816 3534 2077 3590 manus
2106 3515 2183 3589 in
2214 3540 2337 3591 re-

141 3656 318 3734 gem
354 3644 601 3701 tantae
651 3618 846 3699 Exee
876 3622 1143 3704 lentiae
1180 3632 1257 3695 et
1288 3618 1701 3721 dignitatis,
1751 3642 1979 3720 quem
2022 3640 2339 3727 propter

139 3734 300 3812 eius
341 3732 834 3838 grandaeuam
868 3746 1177 3804 aetatem
1201 3782 1220 3817 ,
1266 3753 1434 3801 cum
1470 3746 1749 3801 summa
1786 3748 2083 3833 semper
2119 3727 2337 3806 laude

141 3839 605 3936 traductam,
643 3854 720 3913 et
746 3837 1056 3913 virtutes
1095 3830 1453 3923 heroicas,
1507 3835 1581 3906 in
1618 3833 1779 3936 ipso
1816 3856 1992 3937 rege
2040 3860 2337 3941 semper

137 3950 577 4053 conspicuas
603 4002 626 4041 ,
679 3971 766 4020 ac
801 3942 1065 4050 regalis
1097 3936 1665 4044 amplitudinem
1698 3956 1930 4016 status
1969 3959 2043 4016 et
2076 3944 2336 4018 nomi·-

139 4057 297 4149 nis,
356 4074 432 4131 et
464 4080 581 4129 res
636 4051 829 4128 bene
881 4069 1158 4155 gestas,
1218 4073 1357 4152 pro
1411 4043 1977 4148 amplificatione
2030 4047 2203 4124 fidei
2261 4069 2337 4128 et

142 4154 467 4238 nominis
507 4156 926 4244 Christiani,
984 4182 1121 4232 nos
1155 4168 1236 4231 et'
1289 4150 1621 4229 Ecclesia
1669 4176 2032 4247 amamus,
2086 4156 2336 4259 diligi-

145 4295 313 4346 mus
389 4285 468 4343 et
546 4263 1038 4353 honoramus,
1115 4280 1191 4337 et
1247 4260 1589 4337 vniuersa
1652 4256 2140 4399 christianitas
2196 4284 2337 4337 ve·-

1793 4375 1894 4444 23
