2926 4849
2024 493 2175 567 837

119 728 344 781 rarum
375 718 797 782 nostrarum
829 699 1398 809 priuilegialium
1431 718 1651 780 tenor
1680 705 2020 810 sequitur
2059 718 2141 783 et
2174 721 2285 783 est

121 809 299 887 talis:
366 809 786 915 Capitulum
849 810 1224 887 Ecclesiae
1288 810 1637 888 Albensis
1693 808 1806 914 (vt
1854 810 2280 889 immediate

114 923 365 1019 supra.)
404 919 1059 1022 Nositaqueiustis
1089 934 1163 993 et
1201 917 1545 1023 legitimis
1580 916 2058 1023 petitionibus
2079 947 2286 1024 prae-

114 1025 235 1100 fati
279 1026 565 1107 Domini
601 1026 919 1119 Fratris,
973 1025 1304 1102 Thomae
1344 1025 1900 1132 PraeceptoriS‚
1957 1052 2043 1102 ac
2083 1027 2286 1103 iusti·

115 1133 251 1207 tiae
284 1151 687 1209 annuentes
713 1135 1199 1236 praescriptas
1228 1134 1503 1207 litteras
1538 1150 1821 1210 nostras
1859 1135 2284 1238 priuilegia-

111 1237 252 1333 les‚
303 1241 808 1343 praesentibus
853 1241 1106 1315 litteris
1145 1240 1415 1316 nostris
1479 1241 1901 1344 patentibus
1966 1239 2059 1317 de
2094 1242 2288 1316 Ver-

110 1345 281 1420 bum
322 1342 493 1420 nihil
535 1344 922 1442 addendo,
981 1346 1310 1449 nihilque
1345 1345 1828 1423 diminuendo
1891 1346 2287 1425 transcribi

111 1469 184 1529 et
238 1457 581 1529 transumi
639 1454 951 1530 fecimus
1009 1455 1438 1530 vberiorem
1496 1454 1697 1531 Juris
1754 1453 1842 1530 ad
1902 1456 2280 1530 cautelam.

113 1561 369 1635 Datum
475 1558 854 1639 Sabbatbo
966 1561 1310 1663 proximo
1408 1580 1579 1664 post
1678 1560 1948 1638 festum
2048 1563 2287 1638 Beati-

107 1664 439 1742 Andreae
499 1669 866 1773 Apostoli.
1001 1669 1224 1743 Anno
1285 1668 1593 1744 Domini
1651 1667 2051 1746 Millesimo
2108 1698 2290 1776 qua-

107 1769 679 1877 dringentesimo
718 1777 1098 1879 trigesimo
1126 1779 1411 1851 sexto.“

190 1911 237 1969 E
270 1906 630 1989 membrana
654 1906 949 1992 originali.

945 2162 949 2167 ,
1016 2063 1363 2142 cnxnr.
1415 2006 1420 2046 ³

101 2194 411 2279 Capitulum
445 2204 682 2259 Albense
715 2203 910 2260 literas
948 2218 1211 2276 patentes
1257 2204 1480 2260 Alberei
1530 2205 1594 2259 de
1633 2201 1987 2277 Nagrmiltdl
1999 2237 2018 2265 ‚
2066 2205 2285 2262 Peioris

285 2299 580 2361 Aut-anae,
613 2314 764 2349 anno
803 2294 966 2353 1423.
1004 2310 1300 2350 manneus
1335 2295 1685 2352 emnem-ibit.
1713 2298 1780 2353 A.
1830 2295 1991 2353 1436.

285 2408 439 2485 Nos
457 2407 876 2513 Capitulum
912 2409 1275 2485 Ecclesiae
1299 2407 1640 2485 Albensis
1662 2406 2068 2485 memoriae
2086 2436 2283 2486 com·

87 2515 567 2591 mendamus:
629 2515 837 2618 quod
873 2515 1263 2619 religiosus
1306 2519 1417 2591 vir
1451 2515 1681 2591 frater
1717 2516 2067 2592 Nicolaus
2100 2515 2284 2593 Cru-

86 2621 282 2699 cifer
308 2642 637 2699 nostram
675 2621 1046 2701 vonieudo
1089 2626 1167 2698 in
1208 2627 1741 2728 praesentiam,
1795 2649 1931 2698 suo
1966 2642 2042 2699 et
2091 2625 2282 2700 Con-‘-

86 2744 359 2807 uentus
397 2727 953 2806 cruciferorum
997 2730 1364 2806 Ecclesiae
1414 2732 1619 2805 Beati
1672 2732 1867 2836 regis
1919 2728 2281 2835 Stephani

86 2836 184 2911 de
225 2834 456 2923 Alba,
513 2839 812 2913 nomine
859 2838 1044 2911 etin
1090 2864 1401 2941 persona
1448 2836 1782 2911 exhibuit
1814 2836 2032 2912 nobis
2070 2863 2283 2941 quas·

86 2943 259 3018 dam
294 2942 546 3019 literas
581 2960 913 3046 patentes
948 2943 1325 3042 quondam
1368 2942 1697 3042 religiosi
1758 2960 1835 3019 et
1898 2941 2277 3044 Magnifici

86 3052 231 3126 viri
304 3049 611 3125 Domini
683 3049 972 3127 Alberti
1037 3051 1309 3125 Prioris
1361 3050 1703 3124 Auranae
1731 3106 1752 3144 ,
1826 3049 2278 3147 Dalmatiae,

86 3158 587 3259 Croatiaeque
629 3155 845 3251 Bani,
922 3154 1347 3232 authentico
1386 3154 1623 3258 sigillo
1680 3156 1773 3231 ab
1831 3157 2032 3232 intro
2083 3183 2277 3233 con-

86 3267 439 3366 3ignataS‚
467 3280 730 3370 petens
769 3290 905 3339 nos
944 3262 1195 3339 debita
1237 3290 1406 3339 cum
1433 3264 1815 3357 instantia,
1866 3281 1944 3339 vt
1981 3261 2275 3341 easdem

97 3373 334 3448 iteras
374 3371 469 3447 de
510 3369 744 3448 verbo
798 3369 890 3445 ad
945 3370 1262 3449 verbum
1309 3369 1649 3447 similiter
1710 3370 1947 3447 literis
2000 3374 2271 3447 nostris

86 3475 509 3556 Jatentibus
566 3504 705 3582 pro
761 3476 1158 3556 Conuentu
1219 3479 1678 3583 praescripto
1739 3477 2132 3568 transcribi
2195 3497 2273 3555 et

86 3586 444 3664 rausumi
480 3585 954 3681 faceremus.
991 3587 1204 3661 cuius
1245 3583 1550 3688 quidem
1584 3584 1842 3660 literae
1885 3595 2105 3659 tenor
2162 3603 2272 3661 ta-

87 3697 157 3768 is
198 3711 354 3770 est:
411 3692 825 3796 Religiosus
867 3689 969 3766 Μ.
1009 3692 1148 3767 Vir
1188 3690 1293 3788 (V.
1338 3690 1430 3766 ad
1475 3687 1743 3790 1423.)
1797 3689 1955 3765 Nos
2013 3692 2273 3795 itaque

86 3804 281 3876 ustis
319 3818 396 3876 et
429 3800 769 3902 legitimis
806 3797 1286 3901 petitionibus
1338 3796 1645 3902 praefati
1689 3798 1937 3873 fratris
1978 3799 2266 3875 Nicolai

86 3906 453 3984 Druciferi
495 3932 579 3979 ac
626 3908 942 3981 iustitiae
984 3901 1388 3978 annuentes
1413 3963 1431 3999 ,
1463 3891 1987 4007 ‘praetitulatas
2023 3907 2269 3980 literas

86 4018 301 4118 psius
339 4011 715 4116 quondam
754 4014 1073 4115 religiosi
1113 4030 1184 4084 et
1226 4011 1599 4113 Magnifici
1640 4011 1937 4110 Domini
1976 4012 2270 4086 Alberti

86 4122 353 4197 ’rioris
393 4118 792 4212 Auranae,
851 4116 1362 4223 praesentibus
1417 4119 1647 4195 literis
1696 4120 1963 4195 nostris
2018 4119 2266 4193 simili·

86 4255 178 4309 οι·
218 4225 655 4333 patentibus
680 4283 701 4321 ,
759 4226 855 4306 de
894 4224 1136 4305 verbo
1173 4222 1263 4300 ad
1309 4227 1625 4304 verbum
1664 4225 1844 4304 nihil
1879 4222 2265 4317 addendo,
