2926 4849
2135 433 2286 504 ⁶95

216 639 553 740 Georgia
599 663 767 715 cum
837 617 1369 744 pronun-norst
1425 640 1653 718 niteris
1703 636 2035 718 eiusdem
2083 637 2400 746 capituti

215 762 554 821 nostrum
618 741 1088 847 judiciarium
1133 743 1479 824 adeundo
1545 759 2079 853 conspectum,
2154 746 2405 822 literas

118 845 123 850 ¹
213 850 398 926 dicti
444 850 755 955 Capi-tuli
782 880 1006 957 super
1027 857 1400 964 premissis
1431 853 1735 930 domino
1760 869 2018 930 nostro
2052 856 2213 959 regi
2243 855 2409 930 Re·-

210 958 726 1061 scriptionales
785 958 999 1035 nobis
1055 978 1602 1065 praesentarat.
1693 960 2137 1037 declarando
2210 959 2410 1038 inter

215 1082 487 1150 cetera,
545 1062 768 1154 Quod
819 1066 1061 1170 ipsum
1097 1065 1524 1171 Capitulum
1564 1064 2041 1145 Castriferrei
2087 1067 2411 1172 receptis

215 1172 454 1248 literis
499 1173 766 1250 nostris
810 1172 1205 1275 predictis,
1261 1202 1406 1250 una
1449 1201 1622 1249 cum
1663 1172 2001 1278 ,Iohanne
2043 1173 2190 1249 lilio
2259 1173 2410 1250 Be·—

217 1275 311 1352 da
354 1281 495 1381 pro‘
530 1296 733 1378 parte
774 1280 1145 1379 dictor-um
1190 1289 1528 1355 actorum
1585 1280 1884 1357 homine
1932 1282 2142 1386 regio
2197 1278 2411 1357 dictis

217 1384 625 1460 Valentino
669 1403 743 1459 et
780 1385 1145 1462 Michaele
1185 1385 1884 1489 hominemregium
1941 1418 2092 1466 non
2128 1388 2408 1463 condu-

218 1490 561 1584 centibus
586 1548 607 1586 ,
664 1488 1042 1569 bominem
1076 1495 1410 1599 ipsorum
1439 1496 1825 1574 dominum
1865 1496 2165 1572 Petrum
2188 1494 2412 1570 Chori

216 1597 547 1675 Ecclesie
587 1625 852 1676 eorum
888 1597 1372 1677 Sacerdotem
1419 1600 1512 1677 ad
1563 1602 2004 1704 exequenda
2054 1605 2405 1706 premissa
2509 1615 2514 1620 ’

220 1734 360 1810 pro
441 1705 869 1782 testimonio
943 1708 1562 1805 transmisissent,
1630 1708 1934 1784 demum
2014 1709 2243 1810 ydem
2311 1707 2405 1784 ad

210 1818 460 1913 ipsum
509 1811 930 1922 Capitulum
974 1813 1269 1890 reuersi
1322 1810 1537 1891 nobis
1578 1813 2049 1892 concorditer
2102 1815 2440 1892 retulis-

120 1941 129 1949 ·
198 1936 425 2012 sent,
475 1918 700 2007 Quod
761 1921 900 2025 ipsi
938 1922 1014 1996 in
1049 1921 1596 2016 ‘dictis'octauis
1637 1923 1799 1998 festi
1846 1948 2062 2026 pasce
2112 1922 2393 1997 do'mini

101 2022 104 2026 ’
154 2046 179 2082 k
211 2019 565 2133 proxime*
599 2027 938 2129 preteriti
972 2027 1062 2102 ad
1101 2027 1368 2112 faciem
1409 2017 1982 2135 possessionarie
2038 2030 2402 2130 portionis

208 2132 525 2208 condam
571 2131 749 2232 Soin
786 2130 878 2209 de
920 2133 1116 2211 dicta
1170 2134 1545 2213 Halastow
1609 2140 1681 2228 in
1717 2134 1974 2211 eadem
2017 2134 2394 2211 Halastow

204 2238 459 2315 habite
526 2242 790 2315 vicinis
876 2260 953 2316 et
1024 2246 1552 2318 commetaneis
1624 2237 1952 2318 ei'usdem
2036 2240 2396 2319 universis

204 2346 536 2450 legitime
629 2346 821 2422 inibi
900 2348 1328 2424 conuocatis
1416 2368 1493 2427 et
1572 2349 2036 2456 presentibus
2124 2373 2390 2424 acces-

204 2456 511 2543 sissent,
568 2454 1030 2561 eandemque
1062 2455 1140 2530 in
1175 2475 1498 2557 quatuor
1554 2474 1799 2561 partes
1856 2475 2090 2534 rectas
2149 2482 2422 2559 quoe-t

176 2560 466 2667 ‘quales
499 2560 956 2658 diuisissent,
1012 2585 1328 2662 quarum
1373 2580 1717 2670 quartam
1758 2583 2042 2669 partem
2085 2565 2161 2639 in
2203 2562 2384 2636 locis
2453 2577 2457 2581 ⁴

205 2667 764 2762 sessionalibus,
831 2696 966 2747 seu
1021 2669 1280 2745 ordine
1326 2670 1668 2748 locorum
1717 2669 2227 2775 sessionalium
2276 2668 2422 2727 -‘

204 2794 313 2836 ·'--
364 2816 476 2833 —
528 2777 623 2849 ab
664 2778 951 2854 oriente
993 2775 1088 2853 ab
1126 2777 1478 2880 aquilone
1524 2780 1598 2852 in
1651 2776 2036 2855 latitudine
2095 2774 2412 2853 duoder
2471 2876 2479 2884 ι

202 2883 400 2976 cim,
466 2876 549 2957 in
603 2882 1056 2985 longitudine
1109 2913 1290 2961 vero
1341 2902 1642 2960 centum
1697 2926 1798 2943 -·
1854 2921 1965 2941 -
2021 2920 2122 2939 -·
2179 2880 2378 2955 adia-

205 2998 471 3084 cente3
525 2992 601 3064 in
658 2990 815 3067 aliis
872 3017 1053 3069 vero
1111 2992 1443 3068 eiusdem
1494 2992 1854 3067 vniuersis
1904 2990 2375 3076 utilitatibus,

206 3100 285 3172 in
321 3100 536 3175 terris
570 3095 976 3174 arabilibus
1014 3095 1410 3176 duodecim
1457 3096 1712 3200 jugera
1731 3099 1895 3192 ,jn
1942 3122 2090 3170 vno
2143 3093 2377 3168 ambi*

208 3224 289 3281 tu
333 3208 524 3280 intra
565 3203 758 3304 dicta
787 3206 1051 3308 Salya‚
1102 3236 1148 3281 a
1189 3224 1396 3310 parte
1430 3222 1627 3281 mete
1672 3201 2149 3312 possessionis
2183 3224 2378 3276 con-

123 3314 127 3319 ’
209 3310 382 3386 dam
421 3312 660 3391 Marci
693 3310 819 3415 lily
873 3355 978 3395 ,--
1031 3353 1142 3373 —-
1194 3311 1635 3389 Markfeude
1683 3329 1981 3392 vocate.
2038 3332 2123 3384 ac
2156 3306 2373 3381 fene-

209 3432 369 3494 tum
404 3420 702 3494 alterius
728 3419 1010 3497 dimidii
1033 3420 1472 3514 saloma-imo
1508 3419 1792 3522 syluam
1812 3421 1888 3494 in
1912 3415 2056 3493 fine
2083 3439 2379 3491 eorum-

208 3511 823 3603 dem'duodecim
860 3526 1201 3632 jugerum
1247 3546 1612 3607 terrarum
1669 3524 1993 3602 habitam
2047 3538 2124 3598 et
2170 3518 2387 3595 adia-⁶

207 3656 505 3712 centem
546 3660 688 3738 pro
725 3634 886 3739 jure
922 3636 1241 3737 quartuli
1268 3637 1568 3712 domine
1606 3634 1857 3711 matris
1885 3630 2068 3706 dicti
2110 3628 2379 3703 Valen-

209 3743 342 3817 tini
384 3758 461 3818 et
497 3744 663 3815 auie
723 3742 1100 3817 Michaelis
1153 3742 1549 3835 antedicti,
1621 3740 1768 3818 filie
1815 3737 2159 3814 videlicet
2205 3732 2382 3808 dicti

212 3851 440 3939 som,
516 3847 609 3922 de
672 3850 1237 3950 possessionaria
1295 3849 1639 3954 portione
1712 3848 1962 3953 ipsius·
1995 3843 2182 3921 Som
2241 3840 2381 3920 sibi
2441 3945 2447 3951 ι

208 3956 686 4063 prouenieuti
727 3953 1302 4034 extradedissent
1362 3974 1439 4033 et
1497 3957 2020 4060 assignassent,
2078 3948 2389 4051 Stepha-

206 4061 345 4138 nus
383 4082 455 4136 et
495 4058 863 4164 Georgius
895 4061 1273 4156 antedicti3
1327 4060 1927 4163 Quibusquidem
1989 4059 2222 4135 literis
2268 4082 2383 4131 ex·
2449 4126 2450 4129 ,
2504 4111 2512 4131 ,

206 4168 460 4244 bibitis
500 4169 674 4272 ‘quia
713 4165 1070 4274 praedicti
1115 4168 1534 4275 Stephanus
1574 4188 1648 4242 et
1686 4166 2060 4269 Georgius
2092 4189 2388 4268 presen-

596 4360 647 4399 J
