2926 4849
1992 428 2143 550 s49
2270 454 2273 459 ’

80 701 179 785 ιι,
237 700 312 759 et
345 708 483 760 nec
525 688 987 762 occurrentis
1033 690 1388 791 temporis
1428 710 1859 767 successura
1916 690 2252 766 curricu-

84 820 176 883 a,
249 792 313 867 si
369 808 623 867 nostra
680 794 1180 872 taciturnitate
1220 794 1662 889 excludant,
1719 798 2040 875 calamus
2076 801 2255 872 scri·

80 901 305 974 sentis
345 899 730 975 notificare
769 928 924 977 non
971 904 1391 1006 postponit,
1446 929 1619 977 cum
1657 907 1854 978 enim
1890 908 2026 982 'nos
2082 902 2256 979 alias

80 1033 208 1081 >ro
233 1006 674 1109 aquisitione
725 1009 917 1081 sacri
957 1002 1149 1084 tituli
1186 1008 1597 1114 Imperialis
1620 1009 2252 1114 suscipiendisque

80 1111 382 1189 inaliter
416 1112 694 1189 vltimis
736 1113 1026 1189 duabus
1062 1122 1363 1192 coronis
1381 1114 1889 1221 imperialibus
1914 1145 2051 1222 per
2088 1145 2253 1221 par-

80 1246 171 1294 ;es
232 1221 665 1297 Alamannie
723 1245 984 1297 versus
1045 1221 1538 1316 Lombardie,
1607 1223 1874 1299 Tuscie
1928 1251 2013 1298 ac
2076 1225 2252 1299 alias

80 1326 268 1403 {talie
308 1345 596 1432 partes,
650 1330 793 1409 iter
828 1330 1276 1432 arripuimus
1301 1387 1323 1425 ,
1381 1347 1458 1405 et
1494 1356 1734 1433 vsque
1773 1330 1865 1406 ad
1908 1329 2253 1407 Medio·

105 1463 383 1510 anum
433 1434 792 1511 inclusiue
818 1490 839 1524 ‚
897 1435 1024 1511 vbi
1062 1435 1469 1512 secundam
1510 1463 1866 1519 coronam
1919 1456 2251 1513 nostram

86 1542 521 1646 mperialem
576 1541 672 1616 de
738 1544 1075 1621 manibus
1132 1540 1768 1620 Reuerendissimi
1819 1544 2091 1636 Patris,
2174 1561 2253 1618 et

80 1651 366 1724 Domini
443 1648 1010 1754 Arcbiepiscopi
1074 1648 1655 1729 Mediolanensis
1724 1653 1800 1725 in
1869 1649 2248 1727 domicilio

80 1757 268 1831 3eati
311 1756 1084 1862 AmbrosiiEpiscopi
1111 1753 1524 1860 {graciose
1554 1757 2055 1862 suscepimus,
2113 1785 2248 1834 ac-

80 1863 455 1956 :essimus,
514 1863 674 1967 ipse
725 1863 990 1949 Paulus
1044 1867 1403 1970 Magister
1455 1864 1889 1965 Agazonum
1942 1883 2247 1941 nostro-

80 1997 228 2043 ·um
268 1996 443 2053 cum
482 1972 788 2075 copiosa
834 1966 1302 2053 familiarium
1343 1998 1651 2047 suorum
1691 1972 2062 2048 Comitiua
2098 1988 2244 2046 no·
2287 1984 2294 1990 ’

89 2095 281 2151 tram
307 2077 705 2179 ‘sequendo
750 2075 1205 2157 Maiestatem
1241 2108 1377 2185 per
1421 2093 1662 2154 totum
1701 2080 1927 2180 ipsius
1961 2081 2247 2154 itineris

80 2187 393 2283 ·pacium
470 2181 691 2260 nobis
744 2181 989 2259 fidelia
1049 2189 1320 2290 iugiter
1375 2184 1743 2286 impendit
1816 2185 2187 2287 ,obsequia
2219 2242 2241 2281 ,

80 2291 354 2367 andem
394 2290 743 2368 nobisde
782 2290 1209 2369 Mediolano
1234 2306 1371 2398 pe'r
1407 2292 1637 2369 dictas
1668 2292 2125 2368 Lombardie
2166 2310 2244 2368 et

80 2399 326 2474 Fuscie
359 2415 607 2505 partes
662 2402 1384 2504 pertranseuntibus,
1441 2428 1528 2476 ac
1565 2427 1802 2504 vsque
1871 2418 1949 2475 et
1991 2399 2085 2475 ad
2135 2402 2239 2478 ci·-

82 2507 361 2583 1itatem
408 2525 732 2582 nostram
771 2506 1235 2586 Senatum
1275 2535 1413 2614 per
1451 2507 1720 2584 multas
1759 2525 1835 2583 et
1859 2511 2090 2582 varias
2129 2510 2242 2582 in·
2370 2505 2373 2508 ’

82 2613 309 2708 ιίἀὶειε,
364 2611 582 2691 nobis
622 2611 1082 2716 et'gentibus
1112 2620 1381 2694 nostris
1417 2641 1556 2719 per
1591 2614 2103 2705 Florentinos,
2163 2632 2259 2690 et.

82 2747 282 2821 [uam
324 2719 678 2824 plurimos
715 2723 900 2798 alios
933 2742 1232 2802 nostros
1271 2744 1349 2801 et
1393 2724 1581 2800 sacri
1625 2724 1936 2812 Romani
1980 2726 2238 2826 Impe-

82 2828 148 2899 ·ii
187 2826 505 2903 rebelles
552 2843 626 2903 et
661 2829 1000 2905 inimicos
1053 2834 1369 2933 positas,
1425 2834 1592 2904 Deo
1635 2830 1895 2918 Duce,
1954 2829 2233 2932 absque

82 2934 394 3008 nolestia
447 2952 523 3024 et
576 2931 981 3010 offensione
1053 2937 1349 3040 aliquali
1389 2934 2018 3038 procedentibuS,
2053 2939 2232 3037 'ipse

82 3040 325 3118 .’aulus
358 3039 713 3145 Magister
742 3041 1168 3144 Agazonum
1207 3061 1638 3119 nostrorum
1678 3042 1958 3145 vbique
1989 3042 2235 3117 nobis-

84 3174 236 3223 :um
292 3146 886 3254 proficiscendo,
923 3147 1287 3254 laterique
1340 3165 1600 3246 nostro
1652 3149 1926 3252 iugiter
1967 3146 2230 3224 adbae-

84 3253 291 3332 ·endo
317 3311 339 3349 ,
394 3271 546 3330 tam
588 3272 850 3332 contra
892 3258 1227 3361 ipsorum
1269 3274 1655 3333 notrorum
1690 3254 2119 3348 rebellium,
2156 3274 2233 3332 et

84 3365 370 3438 tostium
411 3359 757 3454 insultus,
811 3390 890 3439 se
931 3365 1152 3439 variis
1199 3379 1280 3442 et
1337 3363 1867 3469 multiplicibus
1928 3361 2230 3442 fortune

84 3470 339 3544 :asibus
365 3523 385 3561 ,
420 3494 563 3575 pro
601 3469 838 3547 nostri
870 3468 1175 3549 honoris
1202 3471 1661 3548 exaltacione
1684 3526 1705 3565 ,
1762 3469 2041 3570 absque
2079 3498 2229 3548 me·

84 3604 128 3649 u
172 3575 350 3666 leti,
403 3600 785 3678 exponere
843 3601 995 3670 non
1046 3577 1499 3669 formidans,
1579 3605 1799 3682 quam
1834 3580 2085 3657 ‚etiam
2144 3577 2225 3652 in

92 3682 203 3757 liis
253 3686 728 3759 securitatem
769 3688 1004 3761 nostri
1042 3687 1322 3761 itineris
1359 3682 2019 3776 concernentibuS,
2077 3685 2225 3760 cel-

86 3788 350 3865 itudini
374 3808 625 3866 nostre
667 3791 1045 3894 placibiles
1068 3792 1429 3896 impendit
1446 3792 1857 3869 famulatus.
1901 3789 2226 3867 Demum

86 3923 236 3973 ero
270 3896 368 3970 ab
408 3899 577 4001 ipsa·
600 3915 853 3975 nostra
899 3900 1260 4004 imperiali
1293 3900 1613 3975 Ciuitate
1670 3899 2034 3975 Senarum
2078 3925 2225 3974 no-
2348 3891 2355 3908 ’

86 4007 161 4079 »is
198 4003 725 4108 personaliter,
779 4007 1106 4084 Domino
1162 4006 1678 4100 conducente,
1743 4005 2003 4081 vrbem
2053 4007 2225 4080 Ro-

86 4138 246 4186 nam
282 4110 726 4187 adeuntibus
747 4166 769 4206 ,
824 4114 1284 4216 terciamque
1313 4114 1502 4189 inibi
1535 4131 1611 4189 et
1640 4113 1973 4188 Vltimam
2011 4138 2226 4189 coro·

87 4245 261 4314 tam,
302 4245 434 4294 seu
475 4217 737 4294 infulas
784 4220 1206 4325 imperiales
1250 4221 1345 4298 de
1395 4220 1733 4298 manibus
1785 4220 2223 4298 sanctissimi

151 4326 366 4402 Tom.
404 4326 498 4399 X.
536 4323 705 4402 Vol.
752 4326 914 4403 Vll.
1738 4332 1837 4405 54
