2926 4849
2149 485 2297 564 12⁷

692 619 715 660 ἱ
1532 640 1539 644 ·
2250 659 2253 664 .

214 701 407 779 Fasd
440 705 977 807 eaptiuassent,=
1033 718 1112 777 et
1148 723 1305 800 quo
1347 701 1681 802 ipsorum
1720 689 2115 801 placuisset
2147 691 2409 779 votun'-

215 814 383 894 tati,
431 811 812 915 asportari·
836 809 1227 899 fecissent,
1265 804 1605 910 potentia
1640 805 2040 903 mediante,
2083 811 2158 883 in
2199 833 2406 910 prae·

222 911 573 994 iudicium
613 917 991 992 dictorum
1043 916 1316 989 Prior-is
1372 932 1447 988 et
1487 913 1916 994 Conuentus
1970 915 2183 992 valde
2233 943 2405 992 ma·-

218 1053 457 1127 gnum.
521 1028 796 1111 Datum
825 1040 1037 1098 sexto
1095 1019 1215 1095 die
1266 1020 1415 1096 diei
1447 1021 1946 1120 inquisitionis
2001 1043 2405 1126 praenota-

209 1145 339 1207 tae.
393 1132 629 1208 Anno
662 1133 962 1208 Domini
993 1129 1382 1204 Millesimo
1422 1126 2156 1234 quadringentesimo
2182 1131 2404 1236 ‚vige-

196 1263 385 1316 simo
430 1265 655 1317 nono.

281 1376 330 1436 E
376 1369 738 1435 membrana
782 1368 1081 1454 originali.

1153 1510 1453 1584 XX1X.
1508 1607 1513 1614 ι
1988 1599 1991 1602 Α

190 1651 341 1704 thu
376 1648 705 1720 Capitulum
730 1647 911 1719 plura
927 1677 930 1682 ·
946 1667 1157 1720 quoque
1198 1650 1406 1701 damna
1428 1667 1535 1719 por
1569 1649 1804 1704 Paulum
1839 1650 2066 1708 Fatkae
2099 1654 2393 1724 qffies’aIem

141 1755 146 1762 ‘
336 1742 410 1793 in
442 1735 782 1799 Tolnawa'm
807 1740 1073 1811 potentia
1105 1740 1384 1810 mediante
1416 1739 1615 1800 illata,
1654 1739 1837 1809 refert.
1874 1742 1942 1796 A.
1982 1745 2141 1800 1499.

387 1852 885 1929 Serenissimo
925 1854 1285 1955 principi,
1343 1854 1672 1928 Domino
1714 1852 2194 1956 sigismundo
2246 1858 2388 1936 Dei

189 1960 428 2065 gratia
453 2018 475 2054 ‚
529 1959 1042 2036 Romanorum
1076 1963 1236 2063 regi
1281 1986 1578 2062 semper
1614 1961 1976 2064 Anguem,
2022 1989 2107 2036 ac
2142 1962 2387 2069 Hung.

188 2066 373 2144 Βοὴ.
416 2065 654 2142 Dalm.
689 2069 935 2152 Creat.
972 2084 1110 2143 etc.
1145 2069 1344 2170 regi,
1389 2068 1716 2142 Domino
1750 2094 2014 2143 eorum
2048 2087 2385 2146 metuen-

187 2175 322 2259 do,
385 2175 808 2281 Capitulum
839 2173 1215 2251 Ecclesiae
1254 2174 1661 2276 Wesprim.
1702 2179 2078 2252 orationes
2114 2176 2194 2250 in
2228 2176 2386 2256 filio

186 2281 521 2386 Virginis
574 2284 962 2386 gloriosae.
1020 2282 1286 2357 Vestra
1341 2283 1643 2357 nouerit
1703 2280 2119 2380 Set-enites,
2175 2282 2385 2388 quod

188 2416 327 2467 nos
361 2393 655 2467 summo
690 2418 860 2468 cum
896 2391 1185 2466 honore
1219 2390 1543 2492 receptis*
1559 2389 1788 2464 literis
1820 2393 2078 2466 vestris
2106 2420 2385 2468 annua-

186 2495 384 2573 libus
420 2525 566 2603 pro
609 2498 955 2603 religioso
1000 2515 1080 2573 et
1134 2496 1236 2570 M.
1295 2495 1486 2571 Viro
1540 2496 1873 2572 Domino.
1915 2497 2233 2576 Alberto
2283 2498 2380 2576 de

187 2603 582 2710 Nagmihal
606 2662 632 2698 ,
693 2606 952 2682 Priore
997 2606 1395 2696 Auranae,
1452 2621 1526 2678 et
1575 2605 1970 2681 Conuentu
2026 2603 2381 2683 Crucife-

185 2738 446 2789 rorum
487 2713 850 2789 Ecclesiae
885 2716 966 2788 B.
1020 2715 1248 2812 Regis
1280 2707 1771 2813 stephanide
1819 2711 2146 2788 Albaad
2184 2740 2381 2789 euo-

189 2820 563 2913 cationes,
617 2821 1179 2924 inquisitione8‚
1235 2816 1771 2923 prohibitiones
1794 2844 1843 2910 ,‘
1880 2847 2020 2898 nec
2073 2848 2230 2897 non
2283 2818 2380 2897 ad

145 2956 146 2959 ¹
191 2931 429 3002 omnia
461 2930 636 3014 alia.
711 2951 905 3027 quae
972 2924 1237 3004 talibus
1290 2928 1365 2999 in
1413 2923 1887 3028 processibus
1937 2928 2141 3002 iuxta
2198 2926 2379 3015 dicti

197 3038 399 3135 regni
475 3035 708 3111 vestri
804 3034 1412 3111 consuetudinem
1498 3032 1590 3106 de
1659 3034 1843 3107 Jure
1924 3031 2087 3108 fien‘
2182 3060 2379 3109 con-

194 3159 587 3216 secuerunt
610 3196 632 3235 ‚
686 3138 1065 3229 facienda,
1102 3168 1238 3243 per
1267 3156 1585 3214 vestram
1623 3138 2089 3216 Maiestatem
2124 3139 2213 3215 ad
2255 3168 2379 3215 an-

189 3249 267 3321 ni
301 3248 663 3324 circulum
703 3249 894 3327 datis
927 3268 1003 3326 et
1050 3252 1366 3352 gratiose
1409 3246 1779 3333 concessis
1803 3301 1827 3341 ‚
1884 3246 2098 3323 nohis
2146 3275 2379 3352 prae-

186 3356 517 3459 ceptorie
557 3357 854 3432 directis
877 3356 1093 3433 iuxta
1127 3352 1556 3431 earumdem
1596 3357 2127 3431 continentiam
2151 3406 2173 3448 ,
2230 3382 2377 3429 vna

185 3486 352 3537 cum
392 3461 809 3540 Benedicto
859 3464 971 3540 'de
1035 3466 1228 3539 Beer
1272 3463 1570 3537 homine
1635 3478 1882 3538 vestro
1906 3519 1927 3556 ‚
2003 3466 2076 3536 in
2141 3460 2376 3537 literis

182 3569 457 3646 eisdem
502 3570 706 3646 inter-
749 3570 932 3648 alios
967 3572 1300 3649 homines
1339 3585 1625 3646 vestros
1681 3568 2151 3671 conscriptos
2222 3595 2376 3645 no·-

180 3681 502 3753 minatim
540 3704 917 3782 expresso,
958 3697 1286 3754 nostrum
1309 3675 1687 3752 homiuem
1729 3676 2075 3750 videlicet
2098 3674 2380 3751 soban-

183 3810 349 3860 nem
395 3784 625 3860 Chori
683 3786 1104 3888 praedictae
1164 3784 1540 3861 Ecclesiae
1605 3798 1902 3858 nostrae
1956 3779 2315 3859 clericum
2337 3834 2375 3874 ‚-

181 3889 266 3964 ad
301 3891 847 3996 infrascriptam
870 3893 1428 3991 inquisitionem
1447 3887 1887 3983 faciendam,
1908 3908 2197 3965 nostro¹
2225 3914 2371 3994 pro

188 4001 602 4076 testimonio
641 4004 1169 4079 transmisimus
1233 3997 1378 4073 fide
1433 3999 1767 4102 dignum.
1864 3996 2012 4086 Qui
2054 3996 2369 4073 tandem

189 4106 443 4182 exinde
470 4105 566 4182 ad
610 4133 746 4181 nos
785 4108 1162 4187 reueuersi
1194 4106 1414 4182 nobis
1466 4130 1792 4181 consona
1839 4129 2023 4179 voce
2071 4101 2369 4180 retule-

193 4231 352 4289 runt
388 4217 533 4292 isto
557 4213 833 4328 'modot
891 4212 1120 4308 Quod
1155 4214 1299 4317 ipsi
1335 4213 1413 4287 in
1454 4211 1644 4288 festo
1702 4212 1785 4287 Β.
1848 4208 2358 4315 Margarethae
