2926 4849
2094 441 2245 510 513

174 646 438 728 clesiae
480 645 923 723 statuissent.
984 645 1422 750 Hacitaque
1459 643 1816 722 relatione
1852 641 2041 726 facta
2072 663 2149 722 et
2191 674 2351 751 per-

173 773 422 862 cepta,
470 781 639 830 cum
679 755 1242 859 ipse‘Dominus
1286 779 1421 827 rex
1478 754 1967 858 praescriptas
2020 763 2353 864 recapti-
2471 789 2476 848 ζ

173 857 548 939 nationem
585 876 661 936 et
695 864 1165 942 statutionem
1201 859 1382 961 ipsis
1441 860 1862 934 Conuentui
1912 861 2139 937 modo
2199 891 2354 967 quo

180 997 403 1075 supra
454 959 719 1062 factas,
809 993 1062 1043 coram
1135 963 1337 1041 dicta
1393 967 1867 1042 vniuersitate
1917 964 2302 1049 Nobilium
2333 1032 2354 1069 ‚

174 1078 413 1154 tribus
450 1075 778 1167 vicibuS,
834 1091 916 1150 vt
966 1073 1193 1151 moris
1229 1089 1458 1165 esset,
1517 1074 1975 1177 promulgari
2033 1076 2361 1172 fecisset,

172 1182 429 1287 ibique
470 1180 901 1258 Valentinus
939 1181 1032 1259 de
1071 1180 1286 1272 Alba,
1317 1181 1395 1258 in
1433 1185 1764 1282 personis
1798 1181 2182 1259 Nobilium
2220 1187 2363 1262 Dn-

174 1291 421 1367 minae
446 1290 799 1380 relictae,
854 1315 940 1363 ac
982 1287 1273 1364 Alberti
1312 1303 1392 1361 et
1426 1283 1741 1362 Ladislai
1762 1338 1788 1375 ,
1844 1286 2172 1364 filiorum
2215 1297 2362 1372 Ge-

175 1405 369 1502 orgy
406 1395 499 1470 de
539 1395 846 1495 Battyan
871 1448 893 1488 ‚
949 1392 1271 1471 Michael
1305 1391 1401 1468 de
1438 1394 1712 1486 were,
1766 1398 1841 1468 in
1890 1417 2204 1495 persona
2240 1406 2371 1478 Jo-'

174 1501 434 1578 hannis
465 1502 641 1582 dicti
682 1501 959 1603 Payor,
1017 1503 1200 1588 ciuis
1235 1500 1562 1575 Ciuitatis
1605 1500 1985 1594 Albensis'‚
2040 1508 2214 1607 ipsis
2250 1537 2364 1584 re·

178 1612 655 1717 captiuationi
682 1628 767 1683 *et
792 1612 1166 1684 statutioni
1197 1605 1432 1682 dictae
1454 1609 1939 1711 possessionis
1973 1613 2152 1686 Dios
2196 1641 2366 1690 con-

177 1717 663 1794 t'radictionis·
691 1715 1051 1791 velamine
1126 1714 1566 1789 obuiassent·
1656 1716 1907 1804 Quare
1962 1717 2170 1792 idem
2210 1721 2368 1795 fra-

174 1842 297 1901 ter
334 1822 781 1919 Benedictus
820 1822 1084 1899 Custos
1121 1822 1484 1897 rationem
1524 1824 1962 1923 praemissae
1998 1825 2368 1904 contradi-

176 1930 467 2008 ctoriae
503 1928 962 2006 inhibitionis
1028 1928 1372 2031 assignari
1432 1927 1871 2033 postulasset
1923 1956 2062 2033 per
2095 1934 2168 2005 in
2201 1961 2369 2009 cau-

172 2063 331 2113 sam
375 2052 729 2112 attractos
787 2052 1311 2142 praenotatos3
1406 2059 1562 2136 quo
1621 2049 1991 2140 percepto
2042 2045 2372 2118 annotati

171 2143 615 2219 Valentinus
675 2160 761 2230 et,
815 2141 1176 2240 ΜίοὶιειϋΙ,
1233 2168 1372 2243 pro
1426 2141 1604 2245 ipsis
1658 2145 1750 2240 in*
1795 2169 2091 2220 causam
2143 2165 2370 2221 attra-

174 2254 313 2329 ctis
339 2308 360 2347 ,
417 2276 584 2326 cum
621 2253 1154 2355 procuratoriis
1194 2248 1426 2324 literis
1471 2249 1792 2352 Capituli
1828 2252 2201 2327 Ecclesiae
2251 2254 2367 2327 Al-

172 2359 429 2435 bensis
480 2356 948 2463 exsurgendo
983 2355 1541 2462 respondissent
1582 2380 1678 2433 ex
1725 2355 2078 2434 aduerso:
2137 2359 2364 2450 Quod

173 2469 195 2541 i
253 2470 320 2541 si
364 2461 441 2540 i'n
479 2465 817 2568 personis
859 2463 1231 2541 dictorum
1291 2462 1674 2561 dominae,
1711 2474 1718 2489 ‘
1751 2463 2041 2542 Alberti
2097 2486 2173 2544 et
2230 2468 2367 2542 Ln-

172 2496 389 2649 dislai
426 2596 512 2645 ac
547 2572 813 2673 Payor,
842 2574 983 2676 pro
1017 2598 1106 2646 eo
1150 2570 1498 2646 fecissent
1534 2568 2118 2673 prohibitionem
2155 2603 2364 2679 prae-

167 2696 504 2757 notatam
530 2735 551 2773 ,
576 2681 771 2781 'quia
804 2682 954 2782 ipsa
996 2678 1358 2780 possessio
1379 2703 1508 2751 seu
1560 2678 1947 2782 praedium
1976 2684 2154 2758 Dios
2188 2685 2364 2787 ipsis

173 2786 441 2892 vigore
477 2784 1005 2861 insu-amentata
1044 2787 1484 2885 pertineret,
1545 2813 1735 2890 quae
1771 2814 1921 2863 non
1958 2804 2175 2884 tune,
2228 2793 2360 2866 sed

171 2895 247 2969 i‘n
277 2893 605 2968 termino
645 2893 977 2981 vlteriori
1004 2919 1142 2995 per
1161 2891 1440 2965 dictum
1463 2895 1863 2973 Dominum
1896 2921 2150 2998 regem
2187 2897 2362 3000 ipsis

132 3024 135 3027 ’
176 2999 458 3094 dando,
488 2998 841 3073 exhibere
879 3001 1202 3103 prompti
1234 2997 1544 3073 fuissent
1566 3014 1639 3072 et
1673 3002 1926 3103 parati.
1964 3005 2050 3076 Et
2093 3028 2359 3105 quam·

171 3109 290 3184 uis
337 3124 779 3209 procurator
819 3105 1050 3209 ipsius
1080 3102 1435 3181 Johannis
1471 3106 1759 3206 Payor‚
1796 3131 1966 3181 cum
1997 3108 2149 3184 suis
2191 3110 2354 3186 lite-

126 3238 143 3255 *
171 3213 467 3290 ralibus
505 3214 1009 3288 instrumentis
1032 3229 1366 3316 promtus
1400 3209 1684 3303 fuisset,
1715 3230 1958 3287 tamen
1990 3217 2168 3320 quia
2192 3240 2361 3320 pro-
2417 3240 2420 3245 ’

176 3339 490 3398 curator
520 3322 903 3397 memorati
933 3320 1271 3414 Ladislai‚
1311 3319 1597 3395 Alberti
1638 3336 1713 3393 et
1753 3318 2111 3399 Dominae
2155 3350 2362 3427 prae·

150 3430 465 3533 'scripta
512 3428 1003 3505 instrumenta
1054 3445 1233 3504 tunc
1286 3453 1435 3501 non
1492 3425 1986 3524 exhibuisset,
2056 3457 2197 3533 pro
2258 3457 2360 3507 eo

174 3534 288 3613 his
352 3534 726 3639 perceptis
800 3534 1001 3609 idem
1058 3535 1423 3625 Dominus
1479 3559 1617 3609 rex
1669 3533 2001 3609 iudicans
2058 3540 2362 3619 commioe
2442 3576 2446 3581 v

168 3645 391 3720 sisset
439 3670 533 3718 eo
583 3639 854 3716 modo:
934 3659 1010 3717 vt
1064 3659 1452 3718 annotatus
1505 3638 1879 3717 Johannes
1916 3641 2166 3741 Payor
2203 3647 2363 3722 sine

176 3778 467 3840 onere,
528 3749 853 3825 annotati
887 3775 1070 3824 vero
1112 3747 1188 3821 in
1238 3773 1530 3824 causam
1583 3749 1850 3843 tracti,
1925 3752 2033 3822 vel
2096 3775 2361 3827 eorum
2399 3742 2404 3763 '‘

177 3859 558 3963 legitimus
595 3872 1072 3960 procurator,
1106 3859 1438 3933 Vniuersa
1465 3880 1724 3930 eorum
1764 3854 2068 3930 litei-alia
2104 3858 2366 3954 instru-

180 3981 484 4056 menta,
541 3968 599 4038 si
644 3989 836 4068 quae
881 3952 1109 4065 super
1145 3958 1343 4036 dicta
1385 3962 1852 4065 possessione
1913 3964 2089 4037 Dios
2151 3960 2370 4038 habe·

182 4088 361 4148 rcnt
398 4069 760 4160 confecta,
788 4071 865 4144 in
896 4069 1178 4144 octauis
1205 4065 1370 4144 festi
1395 4070 1593 4143 beati
1632 4064 2010 4174 Michaelis
2058 4066 2378 4144 Archan-

190 4178 341 4283 geli
394 4198 572 4254 tunc
632 4177 978 4269 venturi,
1051 4193 1312 4254 contra
1360 4174 1849 4285 praelibatum
1902 4176 2381 4254 conuentum

312 4284 525 4364 Tom.
561 4288 658 4361 X.
696 4284 869 4361 Vol.
912 4281 1075 4359 Vll.
1896 4289 1994 4358 33
