2926 4849
2044 440 2191 511 807

889 642 1535 735 ccczxxxvn.

64 806 137 857 0.
188 804 539 891 scaptharius
577 808 642 858 de
669 805 915 877 Bethor,
952 804 1133 859 Judex
1172 801 1379 859 Curiae
1417 805 1626 878 Regiae
1643 843 1662 873 ,
1700 823 1932 861 eausam
1959 809 2283 877 proclama-

279 927 432 983 'eam
449 947 468 973 ,
505 916 683 968 denuo
710 929 998 986 prorogat.
1036 914 1103 967 A.
1159 915 1319 972 1436.

229 1042 232 1043 ⁷
301 1050 469 1125 Nos
509 1051 773 1124 Comes
813 1047 1229 1154 Stephanus
1284 1050 1376 1125 de
1444 1049 1762 1147 Bathor,
1836 1054 2079 1129 Judex
2134 1056 2286 1130 Cu·-

72 1157 259 1233 riae
307 1157 617 1230 Domini
659 1155 1585 1278 Sigismundi2Deiflg1-atia
1622 1163 2125 1236 Romanorum
2156 1164 2295 1237 Im·
2360 1250 2363 1257 .

79 1265 534 1369 peratoris,
614 1287 910 1366 semper
961 1261 1329 1366 Augusti,
1384 1292 1473 1342 ac
1528 1266 1993 1390 Hungariae,
2055 1265 2299 1344 Bobe-

84 1373 308 1445 miae
336 1425 362 1462 ,
424 1370 870 1457 Dalmatiae,
929 1369 1267 1446 Croatiae
1317 1388 1455 1455 etc.
1518 1373 1783 1475 Regis,
1857 1374 2110 1448 damus
2159 1403 2300 1478 pro

89 1478 527 1571 memoria,
606 1476 810 1575 quod
865 1475 1321 1552 exhibitione
1386 1480 1873 1579 quarumdam
1923 1480 2304 1557 literarum

98 1582 555 1687 metalium,
610 1609 833 1687 quam
863 1579 1299 1659 honorabile
1337 1585 1760 1687 Capitulum
1799 1584 2136 1688 Strigon..
2163 1615 2304 1692 pro

98 1717 274 1794 quo
325 1690 678 1765 Nicolaus
723 1687 815 1765 de
852 1688 1006 1789 Pyr
1039 1716 1213 1763 cum
1257 1689 1788 1767 procuratoriis
1829 1691 2058 1767 literis
2094 1696 2303 1770 eius-

100 1798 293 1873 dem
315 1795 550 1871 astitit
572 1814 833 1871 contra
870 1796 1280 1872 Antonium
1315 1796 1818 1901 Praepositum
1841 1817 1915 1874 et
1954 1799 2294 1901 Conuen-

109 1922 285 1980 tum
328 1897 698 1985 Ecclesiae
737 1900 830 1977 de
878 1901 1117 2007 Saagh
1144 1958 1165 1996 ,
1224 1931 1362 2006 pro
1408 1901 1678 2008 quibus
1726 1905 1974 1978 Petrus
2011 1903 2104 1979 de
2154 1908 2299 1980 Da-

105 2037 235 2086 ras
284 2035 461 2085 cum
497 2006 1031 2086 procuratoriis
1070 2007 1298 2084 literis
1351 2010 1786 2087 eorumdem
1840 2016 2297 2116 comparuit,

110 2117 332 2193 iuxta
384 2119 914 2192 continentiam
978 2113 1362 2197 literarum
1392 2140 1395 2144 “
1427 2119 2157 2219 proclamatoriarum
2228 2138 2302 2196 et

112 2223 450 2328 Capituli
494 2222 740 2298 Varad
797 2220 1170 2321 (Vacien.)
1206 2224 1872 2325 rescriptionalium
1911 2220 2052 2328 pro
2092 2225 2301 2302 factis

115 2333 197 2405 in
231 2330 500 2428 eodem
538 2331 952 2422 contentis,
1006 2329 1084 2403 in
1115 2335 1405 2415 octauis,
1437 2330 1610 2405 festi
1667 2334 1864 2406 Beati
1921 2329 2298 2408 Michaelis

121 2435 576 2542 Archangeli
612 2437 856 2513 facere
897 2435 1339 2512 tenebantur
1381 2465 1637 2513 coram
1690 2439 1947 2529 nobis,
2024 2442 2096 2511 in
2140 2465 2294 2542 quo

124 2545 349 2620 etiam
417 2546 737 2644 termino
786 2542 988 2618 idem
1052 2542 1474 2647 Capitulum
1521 2543 1948 2631 iudiciaria,
2042 2546 2297 2646 viginti

123 2677 542 2730 marcarum
587 2650 806 2727 nobis
841 2669 920 2728 et
967 2655 1254 2754 triginta
1292 2671 1466 2730 octo
1498 2656 1689 2755 parti
1727 2652 2081 2728 aduersae
2126 2669 2297 2755 per·

37 2785 38 2788 ’
127 2753 421 2854 soluere
454 2751 1169 2861 tenebantui-{quia
1214 2751 1581 2858 praefatus
1637 2759 2078 2836 Procurator
2118 2758 2295 2833 dicti

134 2851 447 2969 Capituli
481 2866 559 2956 id
591 2861 684 2940 ad
716 2858 1101 2967 praesens,
1162 2890 1304 2938 nec
1356 2863 1885 2941 exhibitionem
1930 2864 2296 2940 dictarum

134 2972 564 3048 Literarum
621 2967 996 3067 metalium
1071 2968 1319 3044 facere
1344 3026 1369 3060 ,
1457 2968 1703 3072 neque
1770 2969 1960 3044 dicta
2007 2969 2297 3045 Judicia
2420 3021 2431 3035 -

137 3077 561 3182 persoluere
592 3102 806 3180 posse
829 3133 850 3170 ‚
876 3074 1248 3151 indicabat
1270 3132 1291 3170 ,
1331 3073 1467 3150 sed
1503 3093 1651 3149 tam
1688 3078 2035 3167 eandem,
2073 3102 2295 3179 quam

140 3184 573 3265 solutionem
623 3183 990 3260 dictorum
1058 3184 1102 3255 J
1108 3179 1523 3257 udiciorum
1541 3238 1565 3272 ‚
1639 3209 1812 3257 cum
1869 3183 2292 3286 grauamine

144 3310 487 3370 consueto
527 3291 727 3366 idem
766 3290 1020 3368 Petrus
1077 3292 1154 3363 in
1209 3289 1641 3365 vlteriorem
1687 3292 2090 3363 terminum
2147 3287 2295 3361 dif·
2394 3327 2399 3332 ·

148 3395 810 3503 ferrippostulabat3
864 3423 1006 3503 pro
1041 3423 1135 3473 eo
1181 3394 1275 3470 ad
1311 3413 1608 3470 octauas
1646 3392 1811 3471 festi
1852 3391 2294 3500 Epiphania-

150 3532 312 3581 rum
346 3505 642 3580 Domini
677 3505 874 3582 nunc
910 3506 1200 3582 venturi
1222 3500 1571 3577 duximus
1604 3504 2158 3605 prorogandum
2204 3527 2297 3574 eo

153 3611 394 3687 modo:
449 3627 534 3686 vt
567 3629 740 3688 tunc
780 3611 1188 3717 praefatum
1236 3608 1654 3710 Capitulum
1709 3625 1787 3682 et
1844 3611 2294 3684 Procurator

157 3718 363 3821 ipsius
401 3718 763 3819 legitimus
816 3719 1086 3810 dictam
1125 3713 1661 3790 exhibitionem
1711 3715 2073 3789 dictarum
2119 3714 2299 3787 lite·-

161 3852 387 3901 rarum
435 3826 809 3916 metalium
870 3850 1041 3900 cum
1083 3822 1356 3897 iudicio
1412 3823 1632 3897 trium
1692 3846 2110 3902 marcarum
2166 3843 2302 3924 per

164 3935 377 4037 ipsum
413 3930 1022 4034 deponendarum
1059 3929 1345 4021 facere,
1418 3924 1763 4030 dictaque
1813 3925 2103 4000 Judicia
2161 3945 2307 3998 tam

170 4037 401 4133 nobis,
463 4063 685 4141 quam
713 4038 905 4140 parti
948 4035 1295 4136 aduersae
1337 4058 1508 4128 cum
1547 4032 1829 4139 dupplo
1873 4025 2303 4136 persoluere

175 4161 500 4222 teneatur.
549 4145 818 4228 Datum
860 4141 1102 4222 Budae
1127 4143 1734 4242 quinquagesimo
1761 4157 1970 4216 sexto
1997 4138 2116 4213 die
2147 4155 2307 4212 ter-
