2926 4849
645 471 797 538 360
866 519 894 552 „

723 678 867 740 huic
906 700 1154 762 quoque
1190 677 1423 740 renisus
1460 677 1666 738 fuerat
1700 676 1860 737 idem
1896 675 2284 743 wladislaus.
2331 676 2465 736 Nec
2499 676 2726 756 Margi-

726 802 839 841 nus
879 777 1037 864 Papa
1074 789 1360 845 votorum
1397 800 1652 840 snorum
1688 801 2029 843 successum
2076 779 2448 864 supervixit:
2496 781 2723 843 Conci-

721 884 803 944 lio
835 884 995 945 enim
1012 925 1035 954 ‚
1083 881 1252 966 quod
1290 882 1684 945 Constantine
1716 882 1995 945 sessione
2028 887 2236 947 XLIV.
2256 883 2560 968 ‘proxime
2600 880 2723 944 Pa-

717 988 850 1073 piae
884 987 1317 1049 celebrandum
1351 989 1591 1063 fuerat,
1636 1009 1801 1050 anno
1837 989 2027 1050 1423.
2056 987 2410 1050 inchoatum
2450 1010 2725 1072 quoquc,

716 1093 824 1156 sed
853 1095 1553 1178 grassantecontagione
1594 1089 1787 1158 senas
1836 1063 2231 1172 translaium,
2279 1105 2371 1156 ast
2423 1093 2524 1157 hic
2568 1119 2725 1178 pro-

717 1207 858 1279 pter
905 1198 1224 1281 imperium
1279 1197 1508 1260 bellicis
1565 1198 1926 1259 tumultibus
1985 1199 2333 1273 turbatum,
2403 1201 2590 1283 atque
2652 1206 2723 1262 Λ·

719 1305 906 1365 1424.
954 1302 1051 1365 die
1088 1307 1238 1390 29-11
1275 1302 1593 1365 Februarii
1630 1325 1664 1364 a
1704 1304 2154 1366 confluentibus
2202 1304 2491 1365 Basileam
2551 1303 2723 1364 indi-

723 1418 888 1470 ctum
917 1420 1087 1486 erat,
1133 1418 1513 1483 conuocato,
1558 1407 1746 1492 etq'ue
1779 1403 1863 1469 iffi
1889 1409 2123 1471 Juliano
2151 1407 2473 1474 Caesarine
2506 1408 2727 1471 Cardi-

724 1515 840 1575 nali
882 1516 1283 1598 praestituto,
1330 1516 1659 1600 apoplexia
1698 1527 1892 1579 tactus
1942 1523 2129 1579 XX·a
2180 1511 2495 1578 Februarii
2537 1515 2727 1577 rebus

719 1617 1000 1680 humanis
1032 1628 1279 1701 ereptus
1313 1618 1485 1679 obiit.
1518 1625 1936 1681 Successorem
1972 1599 2185 1682 nactus
2219 1622 2325 1677 1-a
2364 1611 2574 1681 Martii
2596 1622 2724 1698 Ga·-

719 1717 976 1784 brielem
1011 1719 1509 1792 Condulnnerium
1560 1727 1859 1785 Venetum
1890 1768 1905 1794 ,
1950 1722 2194 1782 nomine
2224 1719 2497 1804 ·Eugenii
2544 1719 2724 1782 lv-ti.

722 1820 841 1897 Qui
863 1820 1055 1881 etiam
1092 1821 1284 1882 altera
1313 1831 1451 1904 post
1483 1817 1950 1885 coronationem
1989 1823 2089 1892 die
2115 1828 2268 1886 Xlll.
2298 1822 2506 1888 Martii
2528 1842 2723 1903 nego-

723 1923 818 1985 cia
857 1945 890 1982 a
914 1925 1185 2000 Max-tino
1215 1933 1440 2007 coepta
1480 1928 1769 2008 perfecit5
1815 1945 2036 2010 nempe
2070 1926 2572 1988 commeationem
2607 1931 2720 2007 Sy·

699 2024 873 2086 ⁴nodi
923 2027 1306 2104 Basileensis,
1384 2050 1456 2089 ac
1511 2030 1653 2091 belli
1706 2041 1923 2092 contra
1980 2030 2251 2092 Hussitas
2305 2025 2712 2089 moderamen.

723 2136 905 2194 Hunc
929 2132 991 2192 in
1029 2133 1209 2194 finem
1234 2131 1466 2209 dictum
1503 2137 1722 2197 Julium
1747 2137 2127 2201 cardinalem
2158 2136 2312 2198 datis
2344 2141 2539 2198 XXX.
2578 2137 2721 2219 May

718 2238 907 2301 literis
939 2240 1182 2324 Vtrique
1231 2265 1505 2325 praeesse
1540 2235 1725 2306 iussit.
1776 2246 2111 2308 Concilium
2149 2248 2252 2305 1-a
2306 2244 2577 2329 octobris
2607 2237 2727 2325 ‚est

719 2351 1018 2427 apertum.
1070 2340 1357 2407 Conntin.
1404 2336 1631 2454 Fleurii
1665 2350 1875 2408 Tomo.
1896 2351 2115 2411 XXVI.
2158 2370 2241 2432 p.·
2267 2340 2408 2408 627.
2452 2368 2590 2432 sqq.

1517 2487 1738 2563 CXL.

530 2623 680 2675 Iden·
713 2626 999 2677 Martinus
1019 2621 1401 2678 Wadislaum
1437 2627 1507 2677 R.
1545 2628 1611 2679 P.
1630 2629 1691 2679 de
1712 2628 2051 2681 liberatione
2071 2629 2255 2697 ipsius
2264 2647 2371 2698 per
2393 2629 2723 2700 Sigismun-

726 2714 851 2766 dum
883 2714 959 2767 R.
984 2716 1062 2766 Η.
1082 2711 1281 2778 flenda
1317 2717 1601 2768 certiorem
1620 2719 1838 2776 reddit,
1874 2719 1950 2769 ad
1971 2732 2154 2787 pacta
2178 2738 2304 2771 cum
2333 2720 2437 2771 Ιιοσ
2471 2737 2722 2772 conuen-

651 2840 652 2843 =
723 2817 787 2857 ea
833 2803 1216 2861 obseruanda,
1268 2806 1639 2889 Huuitieque
1691 2808 1958 2861 subsidia
2001 2809 2327 2880 deneganda
2355 2841 2373 2867 ‚
2439 2809 2719 2863 Ιιονεωιιν.

723 2894 789 2947 A.
832 2894 990 2948 1431.

477 3092 484 3097 ⁸
729 3008 1094 3083 Martinus
1131 3008 1540 3112 Episcopus
1567 3008 1843 3092 Seruus
1888 3037 2271 3111 seruorum
2313 3013 2496 3105 Dei,
2534 3012 2718 3088 Cha-

534 3119 817 3193 rissimo
854 3120 927 3206 in
973 3114 1263 3191 Christo
1300 3116 1452 3191 filio
1500 3117 1945 3208 Wladislao,
1991 3117 2335 3192 Poloniae
2370 3121 2530 3221 regi
2550 3120 2717 3192 illu-

536 3225 706 3315 stri,
764 3224 1072 3296 salutem
1107 3243 1179 3298 et
1211 3226 1693 3325 apostolicam
1727 3225 2339 3299 benedictionem.
2385 3229 2587 3300 Cum
2621 3224 2717 3299 ad

533 3328 1021 3404 serenitatem
1061 3348 1252 3402 tuam
1309 3330 1552 3404 literas
1603 3333 2127 3405 consolatorias
2180 3330 2670 3415 scriberemus
2687 3386 2713 3419 ,

529 3434 774 3513 andita
806 3455 1047 3510 morte
1069 3434 1384 3515 celebris
1420 3441 1825 3512 memoriae
1848 3438 2250 3513 Alexandri
2294 3441 2517 3521 Ducis
2555 3466 2709 3512 ma-

501 3545 650 3643 fgni
686 3540 1161 3633 Lithuaniae‚
1218 3542 1462 3616 fratris
1524 3548 1672 3634 tui,
1736 3571 1971 3619 nouus
2017 3546 2234 3620 nobis
2291 3544 2547 3620 allatu's
2606 3562 2721 3621 est

525 3654 835 3725 nuncius
878 3650 1320 3724 detentionis
1354 3677 1448 3752 pe
1468 3677 1729 3725 rsonae
1770 3670 1973 3744 tuae,
2031 3653 2162 3753 qui
2195 3652 2521 3727 animum
2578 3680 2720 3728 no-

445 3782 468 3787 *
523 3759 651 3830 stri
691 3754 1638 3855 vehementi-admiratione
1681 3776 1755 3831 et
1796 3760 2352 3860 perturbatione
2390 3786 2722 3835 commo·

517 3864 650 3947 uit.
710 3865 1129 3964 Cogitantes
1177 3865 1686 3966 tamen‚quod
1727 3866 1801 3936 in
1845 3890 1928 3937 ea
1983 3867 2213 3968 patria
2243 3922 2262 3956 ‚
2300 3869 2371 3938 in
2416 3894 2560 3968 qua
2595 3895 2717 3940 na·

516 3986 634 4043 tus
664 3997 765 4059 es,
812 3990 883 4045 et
931 3971 1169 4043 vixisti
1204 3972 1328 4043 diu
1371 3971 1723 4075 Princeps
1749 3987 1822 4045 et
1861 3973 2243 4061 Dominus,
2284 3999 2556 4046 nomen
2597 3994 2709 4048 tu-

509 4103 673 4169 um,
736 4077 937 4180 quod
979 4095 1089 4151 est
1136 4075 1333 4180 apud
1383 4104 1637 4186 omnes
1698 4097 1950 4180 gentes
2007 4097 2296 4152 exteras
2358 4080 2706 4171 celebre,

499 4201 568 4255 et
620 4185 1158 4277 venerandum,
1216 4183 1363 4260 coh
1407 4203 1482 4259 et
1517 4189 1786 4273 amari,
1848 4186 2113 4259 merito
2153 4183 2420 4262 debeat
2468 4213 2554 4261 ac
2602 4190 2692 4261 ti-
