2926 4849
655 474 815 544 386

547 682 903 760 fecissent
938 678 1525 786 prohibitionem
1581 698 2094 782 praenotatam
2128 736 2150 778 ,
2183 681 2360 783 quia
2389 683 2547 785 ipsa
2586 710 2752 787 pps-

549 790 776 866 sessio
798 817 926 864 seu
959 787 1343 892 praedium
1386 787 1570 862 Dios
1608 790 1779 890 ipsis
1805 790 2059 913 vigore
2081 790 2752 866 instrumentorum

540 901 997 1001 pertineret3
1055 920 1247 997 quae
1291 921 1442 970 non
1484 909 1664 968 tunc
1705 893 1835 970 sed
1885 898 1961 969 in
2019 901 2338 970 termino
2397 896 2740 975 vlterioii

476 1008 486 1020 “
539 1029 678 1114 per
729 1007 1012 1107 ipsum
1005 1003 1435 1079 Dominum
1492 1002 1777 1123 Regem
1846 1002 2021 1105 ipsis
2065 1001 2312 1078 dando
2378 1001 2742 1080 exhibere

536 1111 864 1235 prompti
928 1107 1236 1185 fuissent
1291 1127 1366 1185 et
1429 1113 1683 1212 parati.
1745 1108 1841 1185 Et
1888 1112 2233 1211 quamuis
2282 1130 2743 1233 procurator

529 1219 758 1321 ipsius
790 1215 1148 1292 Johannis
1198 1215 1441 1316 Payor
1482 1240 1655 1291 cum
1676 1219 1822 1290 suis
1863 1216 2319 1293 literalibus
2297 1233 2741 1293 instrumen-

520 1331 654 1400 *tis
671 1338 1058 1429 promptus
1100 1324 1397 1415 fuisset,
1454 1341 1701 1397 tamen
1735 1319 1912 1425 quia
1952 1337 2403 1426 procurator
2436 1350 2736 1401 memo-
2818 1345 2821 1352 '

433 1467 440 1474 ·
527 1449 859 1506 intutum
921 1426 1282 1524 Ludis-lai,
1354 1379 1650 1505 luberti
1712 1446 1789 1503 et
1848 1432 2210 1506 Dominae
2277 1436 2735 1535 praescripta

514 1540 1014 1613 ”instrumenta
1054 1554 1242 1612 tunc
1271 1565 1419 1612 non
1460 1514 1961 1629 exhibuisset,
2002 1564 2139 1637 pro
2180 1562 2276 1612 eo
2314 1535 2423 1612 his
2467 1566 2734 1642 perce-

528 1649 668 1748 ptis
701 1645 901 1720 idem
955 1646 1316 1718 Dominus
1341 1661 1609 1722 noster
1646 1644 1808 1718 Rex
1850 1643 2179 1720 iudicans
2244 1648 2732 1722 commisisset

510 1780 619 1830 eo
664 1752 932 1827 modo:
975 1769 1052 1826 vt
1079 1767 1557 1855 praenotatus
1577 1748 1959 1823 Johannes
2001 1752 2259 1856 Payor
2276 1752 2439 1828 sine
2469 1779 2728 1846 onere,

520 1864 849 1935 annotati
893 1881 1086 1934 vero
1115 1859 1294 1932 alii
1276 1882 1352 1932 in
1400 1883 1698 1932 causam
1729 1860 2068 1951 attracti,
2126 1857 2246 1932 vel
2292 1885 2554 1934 eorum
2602 1860 2724 1932 le-

501 1967 817 2070 ‘gitirnus
856 1984 1349 2069 procurator,
1392 1965 1750 2039 ·vniuersa
1784 1990 2049 2041 eorum
2082 1963 2394 2040 literalia
2433 1966 2720 2042 instru-

518 2091 793 2164 menta,
827 2080 884 2147 si
915 2095 1382 2176 quaesuper
1416 2070 1611 2146 dicta
1647 2073 2107 2174 possessione
2147 2072 2324 2147 Dios
2358 2071 2723 2162 baberent

515 2178 903 2264 confecta.
959 2185 1033 2254 in
1074 2200 1340 2255 octaua
1383 2176 1549 2253 festi
1593 2179 1793 2253 Beati
1831 2177 2211 2254 Michaelis
2263 2180 2719 2282 Archangeli

503 2302 710 2363 tunc·
744 2289 1032 2363 venturi
1071 2304 1331 2361 contra
1359 2301 1810 2360 annotatum
1855 2287 2328 2361 conuentum
2371 2313 2547 2362 cum
2591 2290 2719 2364 iu-

509 2394 709 2470 dicio
754 2398 981 2471 trium
1025 2421 1310 2471 marcai
1314 2419 1435 2467 um
1475 2416 1730 2468 coram
1762 2418 1891 2467 sua
1948 2392 2316 2498 personali
2354 2421 2708 2500 praesen-

512 2502 610 2577 tia
645 2505 719 2575 in
759 2504 970 2577 curia
1010 2529 1140 2577 sua
1182 2502 1384 2603 regia
1429 2499 1786 2621 exhibere
1819 2516 2233 2575 teneantur
2297 2503 2360 2576 A
2404 2502 2714 2603 quibus·

505 2606 823 2709 quidem
861 2612 1144 2684 octauis
1179 2608 1359 2682 dum
1395 2607 1800 2710 praemissa
1853 2582 2429 2705 instrumentalis
2484 2607 2715 2685 exhi-

505 2714 723 2792 b'itio
735 2733 982 2819 partes
1014 2717 1214 2789 inter
1260 2716 1754 2818 praescriptas
1802 2712 1899 2789 ad
1947 2732 2280 2790 octauas
2298 2715 2463 2795 festi
2518 2708 2708 2820 Epi-

514 2822 982 2928 phaniarum
975 2823 1289 2897 Domini
1332 2823 1677 2922 proxime
1705 2824 2139 2949 praeteritas
2178 2820 2494 2899 deducta
2533 2822 2709 2899 fuis·

513 2950 663 3020 set,
721 2929 815 3004 ad
855 2954 1068 3036 quas
1071 2930 1390 3035 quidem
1426 2941 1791 3021 octenas,
1830 2932 1999 3032 quia
2034 2933 2486 3035 praescripta
2539 2932 2709 3005 Do-

449 3108 456 3126 ,
506 3042 705 3114 mina
739 3040 1000 3115 relicta
1043 3038 1356 3140 Georgii
1402 3061 1541 3142 per
1574 3035 1939 3111 Thomam
1980 3037 2481 3115 Cruciferum
2511 3038 2707 3139 legi-

504 3145 770 3222 timum
807 3163 1373 3269 procuratorem
1406 3144 1720 3266 praefati
1765 3145 2231 3220 Conuentus
2252 3146 2330 3218 in
2381 3170 2704 3248 persona

509 3252 856 3328 eiusdem⁴
882 3256 1231 3357 congruis
1258 3249 1574 3325 diebus
1557 3277 1881 3355 ipsarum
1918 3268 2413 3344 octauarum‚‘
2446 3276 2705 3329 coram

506 3361 675 3464 ipso
737 3362 1055 3436 Domino
1113 3377 1371 3457 nostro
1407 3366 1585 3460 reg‘e
1641 3374 2106 3460 exspectata,
2161 3384 2369 3439 suam
2420 3382 2704 3483 perso-

506 3468 822 3543 nalem
801 3497 875 3543 in
915 3467 1411 3579 praesentiam
1449 3491 1599 3549 non
1663 3466 1983 3540 venisset
2030 3490 2278 3568 neque
2336 3465 2698 3559 misisset,

509 3601 682 3651 nec
710 3576 1013 3652 terciam
1057 3591 1346 3690 partem
1398 3571 1581 3647 dicti
1636 3569 1913 3645 Judicii
1958 3569 2391 3698 persoluere
2423 3570 2698 3647 deben.

503 3680 1020 3784 persoluisset,
1103 3707 1183 3755 se
1251 3706 1392 3786 pro
1451 3703 1585 3751 sua
1648 3705 1804 3756 non
1868 3680 2239 3755 venientia
2289 3678 2367 3753 in
2420 3679 2700 3757 iudicio

505 3806 904 3883 consueto,
960 3806 1036 3862 et
1073 3815 1213 3892 pio
1254 3814 1400 3862 non
1443 3782 1811 3863 solutione
1853 3785 2035 3862 dicti
2076 3785 2391 3862 iudicii
2368 3815 2447 3861 in
2487 3785 2692 3889 dup-

553 3893 629 3970 lo
671 3893 1038 3988 eiusdem,
1094 3884 1590 3969 mediantibus
1632 3891 1786 3967 aliis
1835 3893 2067 3969 literis
2116 3894 2269 3969 suis
2318 3892 2692 3969 iudiciali-

562 4028 644 4077 us
677 4001 949 4080 exinde
981 4002 1342 4079 consectis
1377 4003 1766 4104 aggrauari
1802 3996 2295 4104 permisisset3
2333 3998 2542 4103 quod
2577 4000 2684 4077 ob

498 4108 683 4186 hacc
727 4107 1032 4185 eadem
1064 4108 1385 4184 Domina
1438 4124 1744 4211 petente
1798 4134 1890 4210 pl
1890 4107 2131 4185 aefato
2183 4126 2684 4213 procuratore

495 4218 824 4295 annotati
857 4218 1285 4295 Conuentus
1316 4229 1550 4292 actor.
1606 4213 1701 4290 ad
1727 4217 2121 4318 praemissa
2155 4215 2539 4294 euocanda
2574 4212 2687 4298 fo-
