2926 4849
655 428 856 537 'ssi

584 685 740 783 ipsa
783 676 1039 751 sancta
1088 673 1230 747 lide
1290 673 1655 748 catholica
1700 694 2155 776 segregatOS,
2229 674 2385 749 sub
2474 695 2771 778 vtraque

581 788 831 890 specie
891 779 1546 857 communicabant
1607 782 2032 884 separatim3
2089 783 2339 885 ipsum
2403 785 2777 886 pretiosis·

584 894 850 968 simum
884 906 960 960 et
1002 885 1615 985 gloriosissimum
1651 890 2077 990 sanguinem
2130 889 2381 962 nostri
2438 886 2777 963 Salutio-

584 1000 689 1072 ris
731 998 804 1069 in
849 994 1092 1069 bursis
1130 989 1226 1066 de
1262 994 1473 1068 corio
1522 988 1779 1087 factis,
1834 1009 1911 1068 et
1951 993 2044 1068 ab
2101 997 2305 1070 intus
2353 995 2552 1093 pice
2603 996 2774 1070 ordi·
2864 1064 2866 1075 .

583 1108 807 1196 natis,
862 1102 1096 1177 noctis
1137 1100 1215 1171 in
1257 1099 1746 1199 crepusculo,
1807 1102 1881 1174 in
1925 1127 2183 1177 eorum
2227 1102 2459 1179 collis
2500 1101 2609 1177 de
2653 1102 2774 1178 do·
2864 1112 2866 1121 '

581 1238 711 1286 mo
752 1207 848 1283 ad
886 1207 1190 1282 domum
1220 1260 1241 1298 ‚
1296 1222 1373 1280 et
1412 1206 1508 1281 de
1557 1204 1732 1284 loco
1784 1207 1878 1282 ad
1928 1205 2223 1302 locum,
2277 1210 2452 1285 imo
2502 1209 2611 1283 de
2658 1236 2771 1281 vna

582 1315 753 1391 villa
798 1314 892 1389 ad
929 1314 1142 1387 aliam
1196 1312 1345 1386 suis
1398 1310 1772 1415 discipulis
1822 1340 2083 1390 eorum
2136 1344 2377 1419 praua
2435 1314 2770 1391 doctrina

584 1423 907 1499 seductis
946 1416 1420 1514 deferebant,
1477 1438 1553 1494 et
1582 1417 1978 1523 aliquando
2018 1440 2332 1526 propter
2372 1449 2661 1499 eorum
2691 1424 2768 1496 iu·

581 1545 871 1606 cautam
910 1524 1322 1603 custodiam
1347 1580 1368 1618 ,
1404 1528 1662 1628 ipsum
1703 1529 2133 1630 sanguinem
2178 1530 2505 1603 Domini
2556 1529 2770 1605 nostrl

581 1662 809 1738 super
845 1659 924 1710 se
963 1652 1041 1709 et
1084 1633 1348 1707 eorum
1394 1634 1829 1708 vestimenta
1895 1660 2121 1738 vsque
2160 1634 2256 1708 ad
2287 1634 2776 1711 calciamenta

581 1740 1091 1819 diffundebant
1114 1795 1134 1832 ,
1190 1736 1384 1813 vnde
1417 1739 1557 1813 nisi
1591 1752 1857 1843 magna
1877 1740 2014 1815 Dei
2043 1740 2594 1817 misericordi·
2634 1743 2779 1817 sub·

581 1851 951 1942 uenisset,
1007 1864 1204 1921 totus
1251 1844 1568 1921 mundus
1600 1847 1848 1950 puniri
1904 1845 2313 1943 debuisset3
2377 1870 2600 1946 quos
2638 1867 2778 1922 tan·

579 1954 751 2032 dem
809 1952 1199 2059 prudentia
1251 1952 1479 2054 ipsius
1536 1953 1840 2032 Domini
1893 1953 2165 2030 Fratris
2229 1952 2572 2049 Jacobi,
2642 1984 2777 2059 qua

583 2065 741 2168 ipse
795 2059 890 2137 ab
939 2058 1089 2135 alto
1147 2060 1396 2134 extitit
1448 2059 1832 2161 insignitus
1873 2076 1951 2136 et
1997 2059 2430 2157 redimitus,
2489 2080 2775 2138 matur·

583 2195 809 2276 super
843 2164 962 2242 hi's
993 2164 1568 2257 deliberatione,
1620 2191 1884 2242 eorum
1926 2168 2405 2269 exigentibus
2446 2169 2769 2258 meritis,

584 2271 1170 2378 condigno'tradi
1207 2268 1388 2347 fecit
1408 2288 1482 2346 et
1505 2274 1838 2375 permisit
1869 2276 2283 2379 supplici03
2310 2293 2391 2350 et
2416 2278 2495 2350 in
2530 2278 2773 2371 omni-

585 2382 726 2459 bus
756 2379 1092 2489 partibus
1128 2380 1341 2482 regni
1374 2404 1513 2483 per
1552 2405 1724 2454 eum
1755 2383 2182 2486 peragratis,
2232 2401 2546 2460 sanctae
2578 2410 2769 2489 prae·

588 2489 979 2566 dicationis
1011 2486 1322 2563 verbum
1352 2486 1739 2562 affluenter
1772 2492 2249 2583 ministrauit,
2281 2507 2358 2564 et
2391 2492 2504 2565 sic
2547 2519 2763 2594 popu·

587 2595 745 2669 lum
767 2595 1247 2672 Christianum
1285 2595 1362 2666 in
1399 2593 1546 2670 flde
1584 2591 2062 2690 confortauit,
2095 2595 2511 2700 plerosque
2554 2603 2759 2673 etiam
2862 2617 2863 2656 1

589 2701 750 2808 ipsa
791 2701 1154 2774 haeretica
1208 2701 1579 2802 prauitate
1623 2697 1986 2796 infectos,
2039 2706 2195 2778 imo'
2235 2731 2282 2776 a
2317 2722 2591 2780 sancta
2625 2732 2755 2778 ma-

590 2826 704 2886 tre
738 2805 1068 2886 Ecclesia
1101 2803 1493 2888 alienatos,
1547 2805 1643 2881 ad
1691 2811 2054 2912 gremium
2088 2810 2319 2914 ipsius
2355 2810 2634 2887 Matris
2668 2829 2758 2884 to-

588 2918 681 2993 tis
750 2918 896 2992 suis
965 2912 1283 3004 viribus,
1383 2910 1805 3009 laboribus,
1873 2914 2234 2992 industria
2295 2934 2373 2993 et
2458 2917 2763 2993 scientia

587 3022 907 3097 reduxit.
955 3020 1421 3097 Vnde-sciat
1472 3018 1737 3098 Vestra
1771 3021 2172 3114 Sanctitas,
2226 3022 2438 3126 quod
2469 3026 2531 3099 si
2572 3024 2763 3098 idem
2862 3097 2863 3100 ,

590 3126 1058 3205 Venerabilis
1107 3128 1368 3203 Frater
1404 3125 1730 3203 Jacobus
1778 3127 1872 3203 ad
1913 3154 2226 3230 regnum
2266 3129 2465 3205 istud
2509 3132 2761 3205 venire

587 3235 985 3319 tardasset,
1040 3235 1180 3338 ipsi
1235 3233 1665 3339 nequissimi
1712 3229 2071 3312 haeretici
2129 3235 2359 3312 clam
2421 3240 2757 3312 armati

584 3341 856 3420 vexilla
899 3338 1403 3425 subleuantes,
1458 3355 1719 3416 contra
1767 3338 1990 3419 fidem
2035 3341 2495 3419 catholicam
2532 3344 2757 3418 insur-

587 3452 997 3537 rexissent3
1069 3473 1478 3549 omnesque
1526 3448 1935 3554 Episcopos
1994 3475 2082 3524 ac
2134 3465 2379 3551 totum
2429 3450 2744 3539 clerum,

583 3573 903 3634 sanctam
954 3553 1176 3628 fidem
1218 3554 1649 3630 catholicam
1703 3572 2126 3649 seruantes,
2178 3582 2269 3638 ac
2325 3558 2563 3661 ipsam
2605 3582 2734 3629 ma-

579 3682 777 3740 trem
808 3659 1208 3738 Ecclesiam
1257 3679 1736 3756 venerantes,
1791 3664 2292 3765 potentialiter
2331 3663 2737 3739 interficere

580 3772 1004 3847 voluissent.
1077 3768 1247 3857 Qua
1297 3765 1394 3842 de
1438 3794 1524 3843 re
1576 3769 1975 3844 paternitas
2009 3769 2275 3846 Vestra
2319 3796 2464 3846 nos
2504 3769 2743 3844 humi-

575 3873 732 3971 les,
802 3875 1112 3952 Vestrae
1174 3873 1604 3951 Sanctitatis
1664 3872 1797 3976 flly
1857 3873 2305 3954 humotenus
2370 3877 2745 3979 prouoluti

451 4075 459 4081 ι
572 3981 944 4060 humiliter
977 3999 1052 4057 et
1093 3980 1364 4059 deuote
1403 4005 1546 4084 pro
1588 3980 1855 4058 eodem
1888 3984 2143 4060 Fratre
2178 3984 2474 4060 Jacobo
2508 3980 2741 4058 eidem

570 4090 881 4167 Vestrae
932 4091 1433 4195 supplicamus
1492 4091 1887 4185 sanctitati,
1977 4109 2341 4194 quatenus
2399 4089 2735 4165 eumdem

565 4222 708 4297 pro
753 4215 898 4274 tam
938 4197 1221 4302 magnis
1258 4212 1338 4274 et
1371 4194 1707 4276 maximis
1736 4199 1881 4276 suis
1911 4200 2195 4277 meritis
2224 4194 2449 4275 laude
2486 4198 2734 4301 dignis,
