<?xml version="1.0" encoding="UTF-8"?>
<!DOCTYPE html PUBLIC "-//W3C//DTD XHTML 1.0 Transitional//EN"
    "http://www.w3.org/TR/xhtml1/DTD/xhtml1-transitional.dtd">
<html xmlns="http://www.w3.org/1999/xhtml" xml:lang="en" lang="en">
 <head>
  <title>
</title>
<meta http-equiv="Content-Type" content="text/html;charset=utf-8" />
  <meta name='ocr-system' content='tesseract 3.04.00' />
  <meta name='ocr-capabilities' content='ocr_page ocr_carea ocr_par ocr_line ocrx_word'/>
</head>
<body>
  <div class='ocr_page' id='page_1' title='image "./codexdiplomatic00fejgoog_0877.png"; bbox 0 0 2926 4849; ppageno 0'>
   <div class='ocr_carea' id='block_1_1' title="bbox 1922 444 2271 546">
    <p class='ocr_par' dir='ltr' id='par_1_1' title="bbox 1922 444 2271 546">
     <span class='ocr_line' id='line_1_1' title="bbox 1922 444 2271 546; baseline -0.003 -2"><span class='ocrx_word' id='word_1_1' title='bbox 1922 444 2271 546; x_wconf 73' lang='lat'>&#39;857-</span> 
     </span>
    </p>
   </div>
   <div class='ocr_carea' id='block_1_2' title="bbox 88 678 2370 4312">
    <p class='ocr_par' dir='ltr' id='par_1_2' title="bbox 88 678 2370 4312">
     <span class='ocr_line' id='line_1_2' title="bbox 100 678 2271 787; baseline 0.003 -33"><span class='ocrx_word' id='word_1_2' title='bbox 100 682 576 785; x_wconf 71' lang='lat' dir='ltr'><strong>2ropriaeque</strong></span> <span class='ocrx_word' id='word_1_3' title='bbox 614 678 861 756; x_wconf 83' lang='lat' dir='ltr'><strong>salutis</strong></span> <span class='ocrx_word' id='word_1_4' title='bbox 897 682 1375 759; x_wconf 83' lang='lat' dir='ltr'><strong>immemores</strong></span> <span class='ocrx_word' id='word_1_5' title='bbox 1399 737 1421 776; x_wconf 90' lang='lat'><strong>,</strong></span> <span class='ocrx_word' id='word_1_6' title='bbox 1476 704 1817 757; x_wconf 86' lang='lat' dir='ltr'><strong>normam</strong></span> <span class='ocrx_word' id='word_1_7' title='bbox 1858 694 1943 760; x_wconf 83' lang='lat' dir='ltr'><strong>et</strong></span> <span class='ocrx_word' id='word_1_8' title='bbox 1978 680 2271 787; x_wconf 80' lang='lat' dir='ltr'><strong>profes-</strong></span> 
     </span>
     <span class='ocr_line' id='line_1_3' title="bbox 100 784 2269 866; baseline 0.005 -10"><span class='ocrx_word' id='word_1_9' title='bbox 100 788 356 862; x_wconf 70' lang='lat' dir='ltr'><strong>;ionem</strong></span> <span class='ocrx_word' id='word_1_10' title='bbox 396 784 857 862; x_wconf 79' lang='lat' dir='ltr'><strong>orthodoxae</strong></span> <span class='ocrx_word' id='word_1_11' title='bbox 890 786 1060 863; x_wconf 83' lang='lat' dir='ltr'><strong>fidei</strong></span> <span class='ocrx_word' id='word_1_12' title='bbox 1100 812 1532 864; x_wconf 81' lang='lat' dir='ltr'><strong>excrescere</strong></span> <span class='ocrx_word' id='word_1_13' title='bbox 1575 812 1664 863; x_wconf 87' lang='lat' dir='ltr'><strong>ac</strong></span> <span class='ocrx_word' id='word_1_14' title='bbox 1700 790 1877 864; x_wconf 85' lang='lat' dir='ltr'><strong>eius·</strong></span> <span class='ocrx_word' id='word_1_15' title='bbox 1926 790 2269 866; x_wconf 83' lang='lat' dir='ltr'><strong>salutife-</strong></span> 
     </span>
     <span class='ocr_line' id='line_1_4' title="bbox 98 891 2293 997; baseline 0.003 -31"><span class='ocrx_word' id='word_1_16' title='bbox 98 919 190 966; x_wconf 89' lang='lat' dir='ltr'><strong>·as</strong></span> <span class='ocrx_word' id='word_1_17' title='bbox 231 891 553 970; x_wconf 85' lang='lat' dir='ltr'><strong>fimbrias</strong></span> <span class='ocrx_word' id='word_1_18' title='bbox 608 907 684 969; x_wconf 93' lang='lat' dir='ltr'><strong>et</strong></span> <span class='ocrx_word' id='word_1_19' title='bbox 738 896 1041 971; x_wconf 77' lang='lat' dir='ltr'><strong>extendi</strong></span> <span class='ocrx_word' id='word_1_20' title='bbox 1097 899 1400 972; x_wconf 89' lang='lat' dir='ltr'><strong>minime</strong></span> <span class='ocrx_word' id='word_1_21' title='bbox 1465 894 1889 997; x_wconf 84' lang='lat' dir='ltr'><strong>cupientes,</strong></span> <span class='ocrx_word' id='word_1_22' title='bbox 1945 891 2074 970; x_wconf 87' lang='lat' dir='ltr'><strong>sed</strong></span> <span class='ocrx_word' id='word_1_23' title='bbox 2108 898 2293 983; x_wconf 55' lang='lat' dir='ltr'><strong>eius⁴</strong></span> 
     </span>
     <span class='ocr_line' id='line_1_5' title="bbox 98 997 2267 1106; baseline 0.003 -34"><span class='ocrx_word' id='word_1_24' title='bbox 98 997 632 1103; x_wconf 67' lang='lat' dir='ltr'><strong>{uodammodo</strong></span> <span class='ocrx_word' id='word_1_25' title='bbox 666 1000 871 1078; x_wconf 88' lang='lat' dir='ltr'><strong>bono</strong></span> <span class='ocrx_word' id='word_1_26' title='bbox 906 1020 984 1078; x_wconf 90' lang='lat' dir='ltr'><strong>et</strong></span> <span class='ocrx_word' id='word_1_27' title='bbox 1029 1004 1321 1079; x_wconf 81' lang='lat' dir='ltr'><strong>vtilitati</strong></span> <span class='ocrx_word' id='word_1_28' title='bbox 1369 1028 1511 1106; x_wconf 83' lang='lat' dir='ltr'><strong>pro</strong></span> <span class='ocrx_word' id='word_1_29' title='bbox 1574 1000 1857 1077; x_wconf 80' lang='lat' dir='ltr'><strong>viribus</strong></span> <span class='ocrx_word' id='word_1_30' title='bbox 1902 1002 2267 1106; x_wconf 82' lang='lat' dir='ltr'><strong>derogare</strong></span> 
     </span>
     <span class='ocr_line' id='line_1_6' title="bbox 99 1106 2370 1211; baseline 0.003 -31"><span class='ocrx_word' id='word_1_31' title='bbox 99 1124 519 1211; x_wconf 61' lang='lat' dir='ltr'><strong>affigentes,</strong></span> <span class='ocrx_word' id='word_1_32' title='bbox 574 1109 1101 1185; x_wconf 82' lang='lat' dir='ltr'><strong>Venerabilem</strong></span> <span class='ocrx_word' id='word_1_33' title='bbox 1146 1110 1477 1187; x_wconf 76' lang='lat' dir='ltr'><strong>Fratrem</strong></span> <span class='ocrx_word' id='word_1_34' title='bbox 1517 1106 1885 1183; x_wconf 80' lang='lat' dir='ltr'><strong>Jacobum</strong></span> <span class='ocrx_word' id='word_1_35' title='bbox 1921 1108 2015 1184; x_wconf 90' lang='lat' dir='ltr'><strong>de</strong></span> <span class='ocrx_word' id='word_1_36' title='bbox 2064 1107 2265 1186; x_wconf 81' lang='lat' dir='ltr'><strong>Mar·</strong></span> <span class='ocrx_word' id='word_1_37' title='bbox 2366 1150 2370 1154; x_wconf 95' lang='lat'>·</span> 
     </span>
     <span class='ocr_line' id='line_1_7' title="bbox 96 1211 2266 1317; baseline 0.003 -29"><span class='ocrx_word' id='word_1_38' title='bbox 96 1211 236 1288; x_wconf 82' lang='lat' dir='ltr'><strong>:hia</strong></span> <span class='ocrx_word' id='word_1_39' title='bbox 280 1215 659 1291; x_wconf 68' lang='lat' dir='ltr'><strong>Vicat-ium</strong></span> <span class='ocrx_word' id='word_1_40' title='bbox 717 1216 1000 1292; x_wconf 89' lang='lat' dir='ltr'><strong>Bosnae</strong></span> <span class='ocrx_word' id='word_1_41' title='bbox 1024 1270 1051 1307; x_wconf 89' lang='lat'><strong>,</strong></span> <span class='ocrx_word' id='word_1_42' title='bbox 1099 1232 1213 1291; x_wconf 88' lang='lat' dir='ltr'><strong>-et</strong></span> <span class='ocrx_word' id='word_1_43' title='bbox 1273 1214 1799 1317; x_wconf 84' lang='lat' dir='ltr'><strong>inquisitorem</strong></span> <span class='ocrx_word' id='word_1_44' title='bbox 1852 1214 2266 1296; x_wconf 87' lang='lat' dir='ltr'><strong>haereticae</strong></span> 
     </span>
     <span class='ocr_line' id='line_1_8' title="bbox 96 1323 2273 1426; baseline -0.001 -30"><span class='ocrx_word' id='word_1_45' title='bbox 96 1323 490 1417; x_wconf 83' lang='lat' dir='ltr'><strong>›rauitatis,</strong></span> <span class='ocrx_word' id='word_1_46' title='bbox 545 1340 623 1398; x_wconf 81' lang='lat' dir='ltr'><strong>et</strong></span> <span class='ocrx_word' id='word_1_47' title='bbox 659 1323 793 1398; x_wconf 87' lang='lat' dir='ltr'><strong>toti</strong></span> <span class='ocrx_word' id='word_1_48' title='bbox 831 1348 1064 1425; x_wconf 81' lang='lat' dir='ltr'><strong>regno</strong></span> <span class='ocrx_word' id='word_1_49' title='bbox 1096 1341 1353 1399; x_wconf 84' lang='lat' dir='ltr'><strong>nostro</strong></span> <span class='ocrx_word' id='word_1_50' title='bbox 1393 1323 1857 1426; x_wconf 76' lang='lat' dir='ltr'><strong>Hungariae,</strong></span> <span class='ocrx_word' id='word_1_51' title='bbox 1915 1323 2010 1399; x_wconf 80' lang='lat' dir='ltr'><strong>de</strong></span> <span class='ocrx_word' id='word_1_52' title='bbox 2056 1349 2273 1397; x_wconf 46' lang='lat' dir='ltr'><strong>man-¹</strong></span> 
     </span>
     <span class='ocr_line' id='line_1_9' title="bbox 96 1426 2263 1534; baseline 0.002 -33"><span class='ocrx_word' id='word_1_53' title='bbox 96 1426 241 1503; x_wconf 91' lang='lat' dir='ltr'><strong>lato</strong></span> <span class='ocrx_word' id='word_1_54' title='bbox 281 1447 356 1505; x_wconf 90' lang='lat' dir='ltr'><strong>et</strong></span> <span class='ocrx_word' id='word_1_55' title='bbox 393 1432 832 1506; x_wconf 88' lang='lat' dir='ltr'><strong>auctoritate</strong></span> <span class='ocrx_word' id='word_1_56' title='bbox 855 1431 1156 1505; x_wconf 84' lang='lat' dir='ltr'><strong>Domini</strong></span> <span class='ocrx_word' id='word_1_57' title='bbox 1196 1430 1608 1534; x_wconf 81' lang='lat' dir='ltr'><strong>Apostolici</strong></span> <span class='ocrx_word' id='word_1_58' title='bbox 1643 1448 1719 1504; x_wconf 89' lang='lat' dir='ltr'><strong>et</strong></span> <span class='ocrx_word' id='word_1_59' title='bbox 1741 1447 2029 1525; x_wconf 87' lang='lat' dir='ltr'><strong>nostro,</strong></span> <span class='ocrx_word' id='word_1_60' title='bbox 2071 1432 2263 1506; x_wconf 83' lang='lat' dir='ltr'><strong>viam</strong></span> 
     </span>
     <span class='ocr_line' id='line_1_10' title="bbox 96 1535 2266 1639; baseline 0.001 -30"><span class='ocrx_word' id='word_1_61' title='bbox 96 1537 390 1610; x_wconf 65' lang='lat' dir='ltr'><strong>reritatis</strong></span> <span class='ocrx_word' id='word_1_62' title='bbox 431 1535 1058 1614; x_wconf 80' lang='lat' dir='ltr'><strong>demonstrantem</strong></span> <span class='ocrx_word' id='word_1_63' title='bbox 1082 1593 1104 1632; x_wconf 93' lang='lat'><strong>,</strong></span> <span class='ocrx_word' id='word_1_64' title='bbox 1145 1555 1586 1639; x_wconf 82' lang='lat' dir='ltr'><strong>vestrosque</strong></span> <span class='ocrx_word' id='word_1_65' title='bbox 1618 1561 1963 1615; x_wconf 87' lang='lat' dir='ltr'><strong>excessus</strong></span> <span class='ocrx_word' id='word_1_66' title='bbox 2001 1556 2077 1612; x_wconf 90' lang='lat' dir='ltr'><strong>et</strong></span> <span class='ocrx_word' id='word_1_67' title='bbox 2118 1561 2266 1612; x_wconf 89' lang='lat' dir='ltr'><strong>sce-</strong></span> 
     </span>
     <span class='ocr_line' id='line_1_11' title="bbox 94 1641 2266 1737; baseline 0.002 -21"><span class='ocrx_word' id='word_1_68' title='bbox 94 1669 264 1737; x_wconf 90' lang='lat' dir='ltr'><strong>era,</strong></span> <span class='ocrx_word' id='word_1_69' title='bbox 319 1647 536 1719; x_wconf 87' lang='lat' dir='ltr'><strong>statui</strong></span> <span class='ocrx_word' id='word_1_70' title='bbox 599 1644 1121 1720; x_wconf 77' lang='lat' dir='ltr'><strong>Ecclesiastico</strong></span> <span class='ocrx_word' id='word_1_71' title='bbox 1179 1641 1692 1737; x_wconf 82' lang='lat' dir='ltr'><strong>detrabentes,</strong></span> <span class='ocrx_word' id='word_1_72' title='bbox 1748 1660 1839 1718; x_wconf 88' lang='lat' dir='ltr'><strong>et·</strong></span> <span class='ocrx_word' id='word_1_73' title='bbox 1877 1642 2266 1720; x_wconf 87' lang='lat' dir='ltr'><strong>detrahen-</strong></span> 
     </span>
     <span class='ocr_line' id='line_1_12' title="bbox 93 1748 2264 1842; baseline 0.002 -19"><span class='ocrx_word' id='word_1_74' title='bbox 93 1751 164 1823; x_wconf 92' lang='lat' dir='ltr'><strong>ia</strong></span> <span class='ocrx_word' id='word_1_75' title='bbox 189 1804 211 1842; x_wconf 91' lang='lat'><strong>,</strong></span> <span class='ocrx_word' id='word_1_76' title='bbox 251 1750 665 1827; x_wconf 86' lang='lat' dir='ltr'><strong>secundum</strong></span> <span class='ocrx_word' id='word_1_77' title='bbox 699 1748 1117 1828; x_wconf 81' lang='lat' dir='ltr'><strong>doctrinam</strong></span> <span class='ocrx_word' id='word_1_78' title='bbox 1144 1764 1225 1826; x_wconf 85' lang='lat' dir='ltr'><strong>ct</strong></span> <span class='ocrx_word' id='word_1_79' title='bbox 1253 1751 1790 1828; x_wconf 80' lang='lat' dir='ltr'><strong>documentum</strong></span> <span class='ocrx_word' id='word_1_80' title='bbox 1834 1768 2264 1829; x_wconf 84' lang='lat' dir='ltr'><strong>sanctorum</strong></span> 
     </span>
     <span class='ocr_line' id='line_1_13' title="bbox 94 1857 2265 1963; baseline 0.003 -36"><span class='ocrx_word' id='word_1_81' title='bbox 94 1857 369 1933; x_wconf 56' lang='lat' dir='ltr'><strong>’atrum</strong></span> <span class='ocrx_word' id='word_1_82' title='bbox 421 1859 843 1953; x_wconf 82' lang='lat' dir='ltr'><strong>caritatiue,</strong></span> <span class='ocrx_word' id='word_1_83' title='bbox 902 1859 1007 1934; x_wconf 86' lang='lat' dir='ltr'><strong>vti</strong></span> <span class='ocrx_word' id='word_1_84' title='bbox 1069 1884 1257 1963; x_wconf 90' lang='lat' dir='ltr'><strong>opus</strong></span> <span class='ocrx_word' id='word_1_85' title='bbox 1316 1875 1472 1947; x_wconf 79' lang='lat' dir='ltr'><strong>est,</strong></span> <span class='ocrx_word' id='word_1_86' title='bbox 1540 1857 2265 1963; x_wconf 82' lang='lat' dir='ltr'><strong>reprehendentem,</strong></span> 
     </span>
     <span class='ocr_line' id='line_1_14' title="bbox 92 1962 2307 2070; baseline 0.002 -33"><span class='ocrx_word' id='word_1_87' title='bbox 92 1967 286 2040; x_wconf 66' lang='lat' dir='ltr'><strong>resta-i</strong></span> <span class='ocrx_word' id='word_1_88' title='bbox 312 1989 353 2038; x_wconf 92' lang='lat' dir='ltr'><strong>e</strong></span> <span class='ocrx_word' id='word_1_89' title='bbox 389 1963 637 2040; x_wconf 89' lang='lat' dir='ltr'><strong>medio</strong></span> <span class='ocrx_word' id='word_1_90' title='bbox 660 2022 681 2060; x_wconf 94' lang='lat'><strong>,</strong></span> <span class='ocrx_word' id='word_1_91' title='bbox 713 1982 791 2043; x_wconf 94' lang='lat' dir='ltr'><strong>et</strong></span> <span class='ocrx_word' id='word_1_92' title='bbox 835 1965 927 2041; x_wconf 89' lang='lat' dir='ltr'><strong>de</strong></span> <span class='ocrx_word' id='word_1_93' title='bbox 969 1967 1229 2042; x_wconf 79' lang='lat' dir='ltr'><strong>vestris</strong></span> <span class='ocrx_word' id='word_1_94' title='bbox 1257 1962 1676 2041; x_wconf 86' lang='lat' dir='ltr'><strong>confinibus</strong></span> <span class='ocrx_word' id='word_1_95' title='bbox 1709 1965 1976 2070; x_wconf 89' lang='lat' dir='ltr'><strong>procul</strong></span> <span class='ocrx_word' id='word_1_96' title='bbox 2021 1964 2262 2067; x_wconf 85' lang='lat' dir='ltr'><strong>fugas·</strong></span> <span class='ocrx_word' id='word_1_97' title='bbox 2300 1976 2307 1987; x_wconf 89' lang='lat'><em>&#39;</em></span> 
     </span>
     <span class='ocr_line' id='line_1_15' title="bbox 94 2070 2261 2177; baseline 0.001 -33"><span class='ocrx_word' id='word_1_98' title='bbox 94 2071 281 2166; x_wconf 90' lang='lat' dir='ltr'><strong>etis,</strong></span> <span class='ocrx_word' id='word_1_99' title='bbox 336 2074 733 2175; x_wconf 87' lang='lat' dir='ltr'><strong>ipsumque</strong></span> <span class='ocrx_word' id='word_1_100' title='bbox 770 2103 813 2148; x_wconf 90' lang='lat' dir='ltr'><strong>a</strong></span> <span class='ocrx_word' id='word_1_101' title='bbox 864 2100 993 2148; x_wconf 87' lang='lat' dir='ltr'><strong>sua</strong></span> <span class='ocrx_word' id='word_1_102' title='bbox 1052 2070 1602 2177; x_wconf 85' lang='lat' dir='ltr'><strong>praedicatione</strong></span> <span class='ocrx_word' id='word_1_103' title='bbox 1657 2090 1733 2149; x_wconf 92' lang='lat' dir='ltr'><strong>et</strong></span> <span class='ocrx_word' id='word_1_104' title='bbox 1779 2073 2261 2174; x_wconf 79' lang='lat' dir='ltr'><strong>inquisitione</strong></span> 
     </span>
     <span class='ocr_line' id='line_1_16' title="bbox 92 2174 2265 2284; baseline 0.001 -33"><span class='ocrx_word' id='word_1_105' title='bbox 92 2176 305 2253; x_wconf 85' lang='lat' dir='ltr'><strong>lictae</strong></span> <span class='ocrx_word' id='word_1_106' title='bbox 377 2180 785 2255; x_wconf 84' lang='lat' dir='ltr'><strong>haereticae</strong></span> <span class='ocrx_word' id='word_1_107' title='bbox 838 2181 1216 2284; x_wconf 87' lang='lat' dir='ltr'><strong>prauitatis</strong></span> <span class='ocrx_word' id='word_1_108' title='bbox 1271 2197 1348 2255; x_wconf 93' lang='lat' dir='ltr'><strong>et</strong></span> <span class='ocrx_word' id='word_1_109' title='bbox 1421 2178 1960 2267; x_wconf 68' lang='lat' dir='ltr'><strong>concubinatus</strong></span> <span class='ocrx_word' id='word_1_110' title='bbox 2018 2174 2265 2255; x_wconf 87' lang='lat' dir='ltr'><strong>modis</strong></span> 
     </span>
     <span class='ocr_line' id='line_1_17' title="bbox 92 2282 2261 2391; baseline 0.001 -33"><span class='ocrx_word' id='word_1_111' title='bbox 92 2283 405 2360; x_wconf 74' lang='lat' dir='ltr'><strong>»mnibus</strong></span> <span class='ocrx_word' id='word_1_112' title='bbox 451 2284 1041 2391; x_wconf 77' lang='lat' dir='ltr'><strong>prohibuissetiS,</strong></span> <span class='ocrx_word' id='word_1_113' title='bbox 1085 2284 1288 2389; x_wconf 88' lang='lat' dir='ltr'><strong>quod</strong></span> <span class='ocrx_word' id='word_1_114' title='bbox 1316 2282 1701 2361; x_wconf 82' lang='lat' dir='ltr'><strong>manifeste</strong></span> <span class='ocrx_word' id='word_1_115' title='bbox 1732 2288 1811 2361; x_wconf 92' lang='lat' dir='ltr'><strong>in</strong></span> <span class='ocrx_word' id='word_1_116' title='bbox 1848 2288 2074 2391; x_wconf 84' lang='lat' dir='ltr'><strong>ipsius</strong></span> <span class='ocrx_word' id='word_1_117' title='bbox 2110 2287 2261 2361; x_wconf 92' lang='lat' dir='ltr'><strong>Do-</strong></span> 
     </span>
     <span class='ocr_line' id='line_1_18' title="bbox 90 2393 2263 2498; baseline 0.001 -32"><span class='ocrx_word' id='word_1_118' title='bbox 90 2393 256 2467; x_wconf 84' lang='lat' dir='ltr'><strong>nini</strong></span> <span class='ocrx_word' id='word_1_119' title='bbox 270 2393 685 2497; x_wconf 85' lang='lat' dir='ltr'><strong>Apostolici</strong></span> <span class='ocrx_word' id='word_1_120' title='bbox 699 2411 775 2470; x_wconf 87' lang='lat' dir='ltr'><strong>et</strong></span> <span class='ocrx_word' id='word_1_121' title='bbox 803 2412 1139 2471; x_wconf 85' lang='lat' dir='ltr'><strong>nostrum</strong></span> <span class='ocrx_word' id='word_1_122' title='bbox 1175 2393 1373 2472; x_wconf 88' lang='lat' dir='ltr'><strong>cedit</strong></span> <span class='ocrx_word' id='word_1_123' title='bbox 1390 2394 1926 2498; x_wconf 86' lang='lat' dir='ltr'><strong>praeiudicium</strong></span> <span class='ocrx_word' id='word_1_124' title='bbox 1946 2409 2020 2470; x_wconf 90' lang='lat' dir='ltr'><strong>et</strong></span> <span class='ocrx_word' id='word_1_125' title='bbox 2036 2394 2263 2470; x_wconf 88' lang='lat' dir='ltr'><strong>iactu·</strong></span> 
     </span>
     <span class='ocr_line' id='line_1_19' title="bbox 90 2500 2260 2604; baseline 0 -29"><span class='ocrx_word' id='word_1_126' title='bbox 90 2527 244 2575; x_wconf 86' lang='lat' dir='ltr'><strong>·am.</strong></span> <span class='ocrx_word' id='word_1_127' title='bbox 303 2501 398 2574; x_wconf 88' lang='lat' dir='ltr'><strong>Et</strong></span> <span class='ocrx_word' id='word_1_128' title='bbox 435 2503 614 2604; x_wconf 79' lang='lat' dir='ltr'><strong>quia</strong></span> <span class='ocrx_word' id='word_1_129' title='bbox 653 2525 788 2578; x_wconf 90' lang='lat' dir='ltr'><strong>nos</strong></span> <span class='ocrx_word' id='word_1_130' title='bbox 824 2500 1143 2577; x_wconf 89' lang='lat' dir='ltr'><strong>eundem</strong></span> <span class='ocrx_word' id='word_1_131' title='bbox 1165 2500 1505 2578; x_wconf 86' lang='lat' dir='ltr'><strong>Fratrem</strong></span> <span class='ocrx_word' id='word_1_132' title='bbox 1541 2501 1913 2577; x_wconf 85' lang='lat' dir='ltr'><strong>Jacobum</strong></span> <span class='ocrx_word' id='word_1_133' title='bbox 1935 2503 2009 2574; x_wconf 87' lang='lat' dir='ltr'><strong>in</strong></span> <span class='ocrx_word' id='word_1_134' title='bbox 2051 2500 2260 2577; x_wconf 85' lang='lat' dir='ltr'><strong>dictis</strong></span> 
     </span>
     <span class='ocr_line' id='line_1_20' title="bbox 90 2606 2262 2712; baseline 0 -31"><span class='ocrx_word' id='word_1_135' title='bbox 90 2607 219 2683; x_wconf 68' lang='lat' dir='ltr'><strong>zuis</strong></span> <span class='ocrx_word' id='word_1_136' title='bbox 262 2606 785 2694; x_wconf 86' lang='lat' dir='ltr'><strong>laudabilibus,</strong></span> <span class='ocrx_word' id='word_1_137' title='bbox 848 2609 1167 2710; x_wconf 82' lang='lat' dir='ltr'><strong>Deoque</strong></span> <span class='ocrx_word' id='word_1_138' title='bbox 1207 2607 1496 2685; x_wconf 90' lang='lat' dir='ltr'><strong>deuotis</strong></span> <span class='ocrx_word' id='word_1_139' title='bbox 1538 2606 1899 2712; x_wconf 84' lang='lat' dir='ltr'><strong>operibus</strong></span> <span class='ocrx_word' id='word_1_140' title='bbox 1936 2614 2262 2686; x_wconf 72' lang='lat' dir='ltr'><strong>tam‘ve·</strong></span> 
     </span>
     <span class='ocr_line' id='line_1_21' title="bbox 96 2713 2261 2819; baseline 0.001 -30"><span class='ocrx_word' id='word_1_141' title='bbox 96 2715 192 2789; x_wconf 87' lang='lat' dir='ltr'><strong>tri</strong></span> <span class='ocrx_word' id='word_1_142' title='bbox 228 2716 305 2788; x_wconf 89' lang='lat' dir='ltr'><strong>in</strong></span> <span class='ocrx_word' id='word_1_143' title='bbox 343 2715 590 2793; x_wconf 87' lang='lat' dir='ltr'><strong>medio</strong></span> <span class='ocrx_word' id='word_1_144' title='bbox 614 2772 634 2808; x_wconf 93' lang='lat'><strong>,</strong></span> <span class='ocrx_word' id='word_1_145' title='bbox 692 2739 917 2816; x_wconf 88' lang='lat' dir='ltr'><strong>quam</strong></span> <span class='ocrx_word' id='word_1_146' title='bbox 950 2714 1125 2791; x_wconf 88' lang='lat' dir='ltr'><strong>alias</strong></span> <span class='ocrx_word' id='word_1_147' title='bbox 1159 2713 1770 2819; x_wconf 82' lang='lat' dir='ltr'><strong>vbicunqueper</strong></span> <span class='ocrx_word' id='word_1_148' title='bbox 1796 2715 2094 2792; x_wconf 85' lang='lat' dir='ltr'><strong>climata</strong></span> <span class='ocrx_word' id='word_1_149' title='bbox 2151 2732 2261 2791; x_wconf 87' lang='lat' dir='ltr'><strong>to·</strong></span> 
     </span>
     <span class='ocr_line' id='line_1_22' title="bbox 90 2818 2264 2926; baseline 0.001 -32"><span class='ocrx_word' id='word_1_150' title='bbox 90 2822 204 2897; x_wconf 89' lang='lat' dir='ltr'><strong>ius</strong></span> <span class='ocrx_word' id='word_1_151' title='bbox 237 2818 416 2898; x_wconf 87' lang='lat' dir='ltr'><strong>dicti</strong></span> <span class='ocrx_word' id='word_1_152' title='bbox 461 2825 675 2926; x_wconf 82' lang='lat' dir='ltr'><strong>regni</strong></span> <span class='ocrx_word' id='word_1_153' title='bbox 708 2825 937 2897; x_wconf 79' lang='lat' dir='ltr'><strong>nostri</strong></span> <span class='ocrx_word' id='word_1_154' title='bbox 975 2822 1399 2926; x_wconf 84' lang='lat' dir='ltr'><strong>Hungariae</strong></span> <span class='ocrx_word' id='word_1_155' title='bbox 1441 2822 1688 2897; x_wconf 86' lang='lat' dir='ltr'><strong>modis</strong></span> <span class='ocrx_word' id='word_1_156' title='bbox 1735 2821 2129 2911; x_wconf 88' lang='lat' dir='ltr'><strong>omnibus,</strong></span> <span class='ocrx_word' id='word_1_157' title='bbox 2184 2839 2264 2897; x_wconf 89' lang='lat' dir='ltr'><strong>et</strong></span> 
     </span>
     <span class='ocr_line' id='line_1_23' title="bbox 90 2926 2259 3031; baseline -0.001 -29"><span class='ocrx_word' id='word_1_158' title='bbox 90 2927 347 3029; x_wconf 62' lang='lat' dir='ltr'><strong>tbsque</strong></span> <span class='ocrx_word' id='word_1_159' title='bbox 386 2930 773 3005; x_wconf 88' lang='lat' dir='ltr'><strong>renitentia</strong></span> <span class='ocrx_word' id='word_1_160' title='bbox 805 2928 1105 3031; x_wconf 77' lang='lat' dir='ltr'><strong>aliquali</strong></span> <span class='ocrx_word' id='word_1_161' title='bbox 1127 2927 1571 3005; x_wconf 87' lang='lat' dir='ltr'><strong>roboratum</strong></span> <span class='ocrx_word' id='word_1_162' title='bbox 1611 2926 1888 3003; x_wconf 87' lang='lat' dir='ltr'><strong>habere</strong></span> <span class='ocrx_word' id='word_1_163' title='bbox 1922 2929 2259 3005; x_wconf 84' lang='lat' dir='ltr'><strong>volemus</strong></span> 
     </span>
     <span class='ocr_line' id='line_1_24' title="bbox 90 3031 2256 3126; baseline 0 -18"><span class='ocrx_word' id='word_1_164' title='bbox 90 3052 136 3111; x_wconf 70' lang='lat' dir='ltr'><strong>et</strong></span> <span class='ocrx_word' id='word_1_165' title='bbox 196 3035 590 3126; x_wconf 85' lang='lat' dir='ltr'><strong>fulcitum,</strong></span> <span class='ocrx_word' id='word_1_166' title='bbox 690 3032 1020 3110; x_wconf 87' lang='lat' dir='ltr'><strong>fidelitati</strong></span> <span class='ocrx_word' id='word_1_167' title='bbox 1081 3052 1368 3110; x_wconf 82' lang='lat' dir='ltr'><strong>vestrae</strong></span> <span class='ocrx_word' id='word_1_168' title='bbox 1425 3031 1737 3109; x_wconf 84' lang='lat' dir='ltr'><strong>firmiter</strong></span> <span class='ocrx_word' id='word_1_169' title='bbox 1790 3049 1871 3109; x_wconf 90' lang='lat' dir='ltr'><strong>et</strong></span> <span class='ocrx_word' id='word_1_170' title='bbox 1919 3033 2256 3111; x_wconf 65' lang='lat' dir='ltr'><strong>districtc</strong></span> 
     </span>
     <span class='ocr_line' id='line_1_25' title="bbox 90 3133 2277 3246; baseline 0 -31"><span class='ocrx_word' id='word_1_171' title='bbox 90 3143 594 3245; x_wconf 80' lang='lat' dir='ltr'><strong>›raecipiendo</strong></span> <span class='ocrx_word' id='word_1_172' title='bbox 632 3141 1089 3236; x_wconf 83' lang='lat' dir='ltr'><strong>mandamus,</strong></span> <span class='ocrx_word' id='word_1_173' title='bbox 1126 3159 1495 3245; x_wconf 86' lang='lat' dir='ltr'><strong>quatenus</strong></span> <span class='ocrx_word' id='word_1_174' title='bbox 1524 3133 1701 3217; x_wconf 84' lang='lat' dir='ltr'><strong>mox</strong></span> <span class='ocrx_word' id='word_1_175' title='bbox 1741 3142 2005 3243; x_wconf 84' lang='lat' dir='ltr'><strong>agnitis</strong></span> <span class='ocrx_word' id='word_1_176' title='bbox 2048 3167 2277 3246; x_wconf 33' lang='lat' dir='ltr'><strong>prae-&#39;-</strong></span> 
     </span>
     <span class='ocr_line' id='line_1_26' title="bbox 92 3246 2256 3352; baseline 0 -30"><span class='ocrx_word' id='word_1_177' title='bbox 92 3250 382 3325; x_wconf 90' lang='lat' dir='ltr'><strong>entium</strong></span> <span class='ocrx_word' id='word_1_178' title='bbox 406 3250 881 3324; x_wconf 88' lang='lat' dir='ltr'><strong>continentiis</strong></span> <span class='ocrx_word' id='word_1_179' title='bbox 913 3249 1058 3327; x_wconf 89' lang='lat' dir='ltr'><strong>alio</strong></span> <span class='ocrx_word' id='word_1_180' title='bbox 1093 3274 1557 3352; x_wconf 88' lang='lat' dir='ltr'><strong>quocunque</strong></span> <span class='ocrx_word' id='word_1_181' title='bbox 1595 3263 1855 3324; x_wconf 88' lang='lat' dir='ltr'><strong>nostro</strong></span> <span class='ocrx_word' id='word_1_182' title='bbox 1906 3246 2256 3325; x_wconf 88' lang='lat' dir='ltr'><strong>mandato</strong></span> 
     </span>
     <span class='ocr_line' id='line_1_27' title="bbox 90 3354 2255 3460; baseline 0 -31"><span class='ocrx_word' id='word_1_183' title='bbox 90 3354 154 3430; x_wconf 60' lang='lat' dir='ltr'><strong>nd</strong></span> <span class='ocrx_word' id='word_1_184' title='bbox 205 3354 286 3429; x_wconf 90' lang='lat' dir='ltr'><strong>id</strong></span> <span class='ocrx_word' id='word_1_185' title='bbox 336 3359 578 3432; x_wconf 90' lang='lat' dir='ltr'><strong>minus</strong></span> <span class='ocrx_word' id='word_1_186' title='bbox 629 3371 1069 3460; x_wconf 81' lang='lat' dir='ltr'><strong>expectatO,</strong></span> <span class='ocrx_word' id='word_1_187' title='bbox 1170 3355 1455 3432; x_wconf 87' lang='lat' dir='ltr'><strong>dictum</strong></span> <span class='ocrx_word' id='word_1_188' title='bbox 1508 3355 1853 3432; x_wconf 83' lang='lat' dir='ltr'><strong>Fratrem</strong></span> <span class='ocrx_word' id='word_1_189' title='bbox 1886 3354 2255 3432; x_wconf 89' lang='lat' dir='ltr'><strong>Jacobum</strong></span> 
     </span>
     <span class='ocr_line' id='line_1_28' title="bbox 90 3459 2252 3565; baseline 0.001 -28"><span class='ocrx_word' id='word_1_190' title='bbox 90 3488 315 3538; x_wconf 83' lang='lat' dir='ltr'><strong>ursus</strong></span> <span class='ocrx_word' id='word_1_191' title='bbox 356 3464 585 3541; x_wconf 84' lang='lat' dir='ltr'><strong>vestri</strong></span> <span class='ocrx_word' id='word_1_192' title='bbox 618 3466 695 3538; x_wconf 89' lang='lat' dir='ltr'><strong>in</strong></span> <span class='ocrx_word' id='word_1_193' title='bbox 732 3459 1058 3539; x_wconf 86' lang='lat' dir='ltr'><strong>medium</strong></span> <span class='ocrx_word' id='word_1_194' title='bbox 1096 3460 1505 3538; x_wconf 87' lang='lat' dir='ltr'><strong>honorifice</strong></span> <span class='ocrx_word' id='word_1_195' title='bbox 1538 3466 1875 3565; x_wconf 88' lang='lat' dir='ltr'><strong>recipere</strong></span> <span class='ocrx_word' id='word_1_196' title='bbox 1899 3460 2252 3557; x_wconf 82' lang='lat' dir='ltr'><strong>debeatis,</strong></span> 
     </span>
     <span class='ocr_line' id='line_1_29' title="bbox 94 3567 2256 3669; baseline 0 -26"><span class='ocrx_word' id='word_1_197' title='bbox 94 3595 433 3669; x_wconf 83' lang='lat' dir='ltr'><strong>numque</strong></span> <span class='ocrx_word' id='word_1_198' title='bbox 494 3571 811 3645; x_wconf 87' lang='lat' dir='ltr'><strong>officium</strong></span> <span class='ocrx_word' id='word_1_199' title='bbox 876 3570 1231 3645; x_wconf 89' lang='lat' dir='ltr'><strong>hactenus</strong></span> <span class='ocrx_word' id='word_1_200' title='bbox 1294 3567 1758 3644; x_wconf 81' lang='lat' dir='ltr'><strong>laudabiliter</strong></span> <span class='ocrx_word' id='word_1_201' title='bbox 1830 3568 2099 3661; x_wconf 90' lang='lat' dir='ltr'><strong>modo,</strong></span> <span class='ocrx_word' id='word_1_202' title='bbox 2174 3585 2256 3643; x_wconf 80' lang='lat' dir='ltr'><strong>vt</strong></span> 
     </span>
     <span class='ocr_line' id='line_1_30' title="bbox 90 3672 2256 3779; baseline -0.001 -30"><span class='ocrx_word' id='word_1_203' title='bbox 90 3672 516 3768; x_wconf 74' lang='lat' dir='ltr'><strong>»raefertur‚</strong></span> <span class='ocrx_word' id='word_1_204' title='bbox 558 3676 652 3752; x_wconf 89' lang='lat' dir='ltr'><strong>de</strong></span> <span class='ocrx_word' id='word_1_205' title='bbox 689 3675 861 3751; x_wconf 90' lang='lat' dir='ltr'><strong>dicti</strong></span> <span class='ocrx_word' id='word_1_206' title='bbox 885 3676 1191 3751; x_wconf 90' lang='lat' dir='ltr'><strong>Domini</strong></span> <span class='ocrx_word' id='word_1_207' title='bbox 1218 3676 1275 3749; x_wconf 91' lang='lat' dir='ltr'>A</span> <span class='ocrx_word' id='word_1_208' title='bbox 1285 3675 1625 3779; x_wconf 87' lang='lat' dir='ltr'><strong>postolici</strong></span> <span class='ocrx_word' id='word_1_209' title='bbox 1662 3691 1739 3750; x_wconf 91' lang='lat' dir='ltr'><strong>et</strong></span> <span class='ocrx_word' id='word_1_210' title='bbox 1770 3695 2029 3752; x_wconf 88' lang='lat' dir='ltr'><strong>nostro</strong></span> <span class='ocrx_word' id='word_1_211' title='bbox 2052 3700 2256 3749; x_wconf 88' lang='lat' dir='ltr'><strong>man-</strong></span> 
     </span>
     <span class='ocr_line' id='line_1_31' title="bbox 88 3782 2255 3885; baseline -0 -30"><span class='ocrx_word' id='word_1_212' title='bbox 88 3783 279 3868; x_wconf 87' lang='lat' dir='ltr'><strong>lato,</strong></span> <span class='ocrx_word' id='word_1_213' title='bbox 340 3811 423 3857; x_wconf 87' lang='lat' dir='ltr'><strong>ac</strong></span> <span class='ocrx_word' id='word_1_214' title='bbox 470 3787 979 3859; x_wconf 86' lang='lat' dir='ltr'><strong>auctoritatate</strong></span> <span class='ocrx_word' id='word_1_215' title='bbox 1020 3782 1556 3876; x_wconf 89' lang='lat' dir='ltr'><strong>continuatum,</strong></span> <span class='ocrx_word' id='word_1_216' title='bbox 1586 3808 1943 3859; x_wconf 79' lang='lat' dir='ltr'><strong>exercere</strong></span> <span class='ocrx_word' id='word_1_217' title='bbox 1978 3801 2052 3859; x_wconf 88' lang='lat' dir='ltr'><strong>et</strong></span> <span class='ocrx_word' id='word_1_218' title='bbox 2089 3806 2255 3885; x_wconf 85' lang='lat' dir='ltr'><strong>pra-</strong></span> 
     </span>
     <span class='ocr_line' id='line_1_32' title="bbox 90 3887 2251 3994; baseline -0.001 -34"><span class='ocrx_word' id='word_1_219' title='bbox 90 3888 339 3965; x_wconf 86' lang='lat' dir='ltr'><strong>:ticare</strong></span> <span class='ocrx_word' id='word_1_220' title='bbox 383 3893 853 3994; x_wconf 83' lang='lat' dir='ltr'><strong>permittatis,</strong></span> <span class='ocrx_word' id='word_1_221' title='bbox 910 3887 1328 3965; x_wconf 86' lang='lat' dir='ltr'><strong>difficultate</strong></span> <span class='ocrx_word' id='word_1_222' title='bbox 1379 3906 1456 3966; x_wconf 89' lang='lat' dir='ltr'><strong>et</strong></span> <span class='ocrx_word' id='word_1_223' title='bbox 1517 3914 1828 3983; x_wconf 86' lang='lat' dir='ltr'><strong>recusa,</strong></span> <span class='ocrx_word' id='word_1_224' title='bbox 1902 3914 2041 3964; x_wconf 91' lang='lat' dir='ltr'><strong>nec</strong></span> <span class='ocrx_word' id='word_1_225' title='bbox 2100 3913 2251 3961; x_wconf 91' lang='lat' dir='ltr'><strong>non</strong></span> 
     </span>
     <span class='ocr_line' id='line_1_33' title="bbox 90 3993 2257 4099; baseline -0.001 -30"><span class='ocrx_word' id='word_1_226' title='bbox 90 3996 392 4089; x_wconf 72' lang='lat' dir='ltr'><strong>eautela,</strong></span> <span class='ocrx_word' id='word_1_227' title='bbox 451 3995 907 4095; x_wconf 86' lang='lat' dir='ltr'><strong>quibuslibet</strong></span> <span class='ocrx_word' id='word_1_228' title='bbox 947 3997 1212 4099; x_wconf 84' lang='lat' dir='ltr'><strong>procul</strong></span> <span class='ocrx_word' id='word_1_229' title='bbox 1243 3996 1558 4071; x_wconf 87' lang='lat' dir='ltr'><strong>semotis.</strong></span> <span class='ocrx_word' id='word_1_230' title='bbox 1593 3997 1683 4070; x_wconf 91' lang='lat' dir='ltr'><strong>Et</strong></span> <span class='ocrx_word' id='word_1_231' title='bbox 1702 3994 1898 4071; x_wconf 88' lang='lat' dir='ltr'><strong>aliud</strong></span> <span class='ocrx_word' id='word_1_232' title='bbox 1919 3998 1995 4070; x_wconf 91' lang='lat' dir='ltr'><strong>in</strong></span> <span class='ocrx_word' id='word_1_233' title='bbox 2019 3993 2151 4087; x_wconf 87' lang='lat' dir='ltr'><strong>his,</strong></span> <span class='ocrx_word' id='word_1_234' title='bbox 2193 3995 2257 4066; x_wconf 88' lang='lat' dir='ltr'><strong>si</strong></span> 
     </span>
     <span class='ocr_line' id='line_1_34' title="bbox 90 4101 2251 4208; baseline -0.002 -30"><span class='ocrx_word' id='word_1_235' title='bbox 90 4121 318 4179; x_wconf 74' lang='lat' dir='ltr'><strong>nostra</strong></span> <span class='ocrx_word' id='word_1_236' title='bbox 352 4102 589 4205; x_wconf 84' lang='lat' dir='ltr'><strong>rigida</strong></span> <span class='ocrx_word' id='word_1_237' title='bbox 625 4107 1091 4208; x_wconf 81' lang='lat' dir='ltr'><strong>grauamina,</strong></span> <span class='ocrx_word' id='word_1_238' title='bbox 1136 4101 1870 4208; x_wconf 83' lang='lat' dir='ltr'><strong>indignationemque</strong></span> <span class='ocrx_word' id='word_1_239' title='bbox 1922 4117 2251 4176; x_wconf 91' lang='lat' dir='ltr'><strong>nostram</strong></span> 
     </span>
     <span class='ocr_line' id='line_1_35' title="bbox 90 4205 2249 4312; baseline -0.002 -26"><span class='ocrx_word' id='word_1_240' title='bbox 90 4211 574 4312; x_wconf 82' lang='lat' dir='ltr'><strong>;rauissimam</strong></span> <span class='ocrx_word' id='word_1_241' title='bbox 607 4209 995 4288; x_wconf 81' lang='lat' dir='ltr'><strong>incurrere</strong></span> <span class='ocrx_word' id='word_1_242' title='bbox 1038 4207 1492 4306; x_wconf 86' lang='lat' dir='ltr'><strong>formidatis,</strong></span> <span class='ocrx_word' id='word_1_243' title='bbox 1548 4209 1967 4288; x_wconf 86' lang='lat' dir='ltr'><strong>nullatenus</strong></span> <span class='ocrx_word' id='word_1_244' title='bbox 2002 4205 2249 4284; x_wconf 80' lang='lat' dir='ltr'><strong>facere</strong></span> 
     </span>
    </p>
   </div>
  </div>
 </body>
</html>
