2926 4849
2108 427 2260 527 7153
2335 515 2364 536 ,Α

178 665 286 738 las
332 681 699 741 terrarum
738 659 1122 759 arabilium
1147 720 1167 755 ,
1224 680 1602 768 prata-seu
1648 664 1949 740 foenilia
1986 667 2366 744 intra'me·

176 788 289 846 tas
324 769 808 896 possessionis²
852 768 1187 894 ipsorum
1236 772 1422 847 Dios
1463 788 1815 865 vocatae,
1868 773 1947 847 in
1998 774 2367 851 Comitatu

167 872 491 954 Albensi
563 876 983 971 existentis,
1066 904 1113 951 a
1164 877 1378 981 plaga
1440 877 1913 958 meridionali
1993 877 2370 958 Ecclesiae
2490 882 2496 892 '

168 985 577 1061 Beatorum
629 983 833 1059 Petri
897 985 1218 1060 et'Pa'uli
1274 982 1869 1087 Apostolorum,
1923 985 2000 1060 in
2033 962 2367 1092 praefata

165 1092 640 1195 possessione
678 1090 896 1166 “Dios
952 1095 1474 1185 constructae,
1516 1091 1730 1168 cuius
1784 1095 1933 1167 iam
1986 1099 2197 1170 tertia
2245 1099 2371 1171 in·-

166 1216 395 1275 staret
430 1196 825 1275 'reuolutio
860 1198 1189 1272 annualis
1212 1252 1234 1289 ‚
1292 1224 1432 1301 pro
1471 1217 1578 1274 'se
1606 1195 2380 1304 occupasset,'·occu-'
2429 1187 2441 1210 ¹

169 1322 538 1412 patasque
586 1321 724 1409 per
750 1304 1201 1409 Jobagiones
1252 1303 1571 1410 populos
1619 1305 2217 1412 de‘possessione
2241 1308 2373 1385 Fe-

173 1438 369 1513 ney,
425 1407 685 1486 falcari
718 1427 799 1487 et
835 1411 1034 1487 arari
1073 1411 1407 1501 fecisset,
1470 1416 1797 1516 potentia
1834 1413 2207 1491 mediante
2232 1471 2254 1501 ,
2294 1418 2369 1490 in

177 1517 724 1624 praeiudicium
760 1517 1199 1596 eorumdem
1224 1520 1741 1595 'Dominorum
1785 1517 2371 1616 cruciferorum,

165 1644 248 1700 et
286 1626 665 1701 Ecclesiae
702 1623 1056 1701 damnum
1099 1621 1313 1714 valde
1342 1625 1750 1726 gme'gnum.
1848 1627 2119 1703 Datum
2161 1646 2370 1705 sexto

165 1731 293 1806 die
345 1732 495 1809 diei
531 1733 1041 1834 Inquisitionis
1085 1729 1532 1835 praedictae.
1587 1721 2156 1810 AnnoUomini
2199 1733 2370 1813 Mit-

172 1840 440 1916 lesimo
486 1838 1221 1943 quadringentesimo
1263 1840 1651 1945 trigesimo
1690 1842 2035 1946 quinto.“
2075 1867 2078 1874 ¹
2255 1843 2260 1852 ‘
2301 1835 2310 1866 ³
2347 1841 2352 1850 '

256 1973 303 2030 E
350 1969 707 2030 membrana
753 1970 1050 2055 originali.

1014 2126 1528 2205 CCCXXXII.

172 2271 502 2342 Capitulum
532 2272 682 2324 Idem
709 2274 1179 2342 protestationem
1228 2283 1297 2326 ao
1325 2272 1774 2344 prohibitionem
1824 2286 2022 2326 contra
2056 2270 2373 2341 Capitulum

372 2366 604 2420 Albense
637 2371 1027 2438 interpositam
1064 2368 1303 2422 exhibet.
1376 2371 1444 2426 A.
1483 2367 1641 2424 1435.
2087 2371 2090 2376 ⁴
2347 2373 2352 2382 '

377 2479 798 2584 Capitulum
818 2477 1194 2555 Ecclesiae
1219 2479 1650 2560 Colocensis
1668 2538 1689 2575 ,
1728 2474 2133 2557 memoriae
2169 2468 2374 2557 com-

177 2583 657 2680 mendamus,
714 2585 925 2689 quod
982 2586 1362 2690 religiosus
1405 2586 1673 2665 Frater
1724 2588 2146 2665 Demetrius
2184 2587 2374 2662 Gru·-

184 2691 422 2786 cifer,
472 2692 756 2769 *Custos
815 2684 1076 2769 domus
1131 2695 1507 2799 hospitalis
1541 2706 1546 2711 “
1577 2694 1943 2772 Ecclesiae
2000 2693 2086 2767 Β.
2129 2694 2376 2798 >Regis

183 2797 547 2905 Stephani
603 2798 698 2876 de
749 2799 988 2893 Alba,
1043 2802 1123 2874 in
1171 2826 1298 2876 sua
1348 2818 1424 2876 et
1477 2801 1808 2877 aliorum¹
1853 2800 2372 2902 religiosorum

181 2907 518 2986 virorum
551 2906 1118 2984 Cruciferorum
1153 2907 1485 2990 eiusdem
1519 2908 1951 2985 conuentus
1994 2907 2376 3010 personis,

179 3014 517 3091 nostram
565 3015 869 3091 veniens
922 3013 999 3089 in
1045 3014 1535 3117 praesentiam
1574 3028 1714 3120 per
1762 3011 2066 3087 modum
2111 3012 2378 3116 prote-

180 3122 524 3201 stationis
558 3138 632 3196 et
670 3117 1200 3226 prohibitionis
1253 3118 1471 3197 nobis
1500 3116 1927 3223 significare
1982 3121 2374 3196 curauit·in

176 3227 386 3305 hunc
430 3227 776 3303 modum:
837 3227 1218 3330 quomodo
1259 3226 1700 3304 honorabile
1729 3223 2172 3331 Capitulum
2223 3224 2377 3300 Ec-

175 3335 454 3413 clesiae
527 3333 869 3412 Albensis
952 3333 1349 3434 quamdam
1438 3328 1977 3442 possessionem
2063 3329 2378 3437 praefati

176 3442 621 3517 Conuentus
655 3440 850 3516 Faad
894 3458 1274 3534 vocatam,
1339 3446 1413 3518 in
1453 3443 1826 3519 Comitatu
1869 3438 2221 3514 Toluensi
2260 3438 2378 3512 ha-

178 3550 469 3641 bitam,
524 3573 667 3648 pro
710 3540 791 3624 se*
844 3549 1018 3653 ipsis
1064 3567 1599 3677 occupassent,
1654 3542 2169 3652 occupataque
2221 3552 2408 3621 vte-‘

175 3652 451 3733 rentur
486 3653 580 3729 de
640 3656 1055 3760 praesenti,
1110 3659 1441 3759 potentia
1485 3652 1898 3747 mediante,
1953 3653 2029 3727 in
2083 3656 2378 3755 praeiu-

176 3763 463 3838 dicium
506 3761 844 3865 ipsorum
883 3784 958 3836 et
999 3757 1644 3839 dictae'Ecclesiae
1680 3762 2030 3866 B.,Regis
2072 3758 2380 3862 Stepha-

176 3872 287 3951 ni·
328 3868 679 3942 damnum
746 3867 957 3945 valde
1042 3863 1408 3970 magnum.
1523 3871 1894 3974 Factaque
1963 3863 2378 3941 huiusmodi

176 3976 729 4084 protestatione
783 3969 1159 4082 praefatus
1206 3968 1463 4054 Frater
1510 3976 1937 4051 Demetrius
1995 3971 2254 4049 Custos
2301 3974 2414 4046 in'

179 4112 320 4159 sua
377 4099 454 4155 et
501 4081 813 4158 aliorum
860 4082 1374 4187 religiosorum
1427 4084 1761 4158 virorum
1818 4079 2380 4157 cruciferorum

180 4193 495 4267 nomine
538 4205 615 4263 et
652 4193 727 4265 in
773 4193 1146 4297 personis,
1203 4196 1357 4293 quo
1384 4186 1653 4294 supra,
1707 4182 2125 4295 praefatum
2166 4186 2377 4292 Capi·
2484 4198 2490 4203 ”
