2926 4849
667 505 815 572 716
1162 517 1167 526 ·
1455 462 1468 470 ’
1765 471 1842 492 “’
1982 558 1989 592 ,

557 709 1167 789 commendamus
1188 739 1224 803 :—
1259 707 1489 800 Quod
1518 709 1984 786 reuerendus
2014 710 2092 783 in
2132 705 2429 784 Christo
2487 703 2757 800 Pater,

551 818 918 896 Dominus
960 817 1216 892 Petrus
1246 817 1341 891 de
1388 817 1706 918 Rozgon
1749 817 2160 921 Episcopus
2198 813 2445 890 dictae
2490 809 2755 889 Eccle-

548 926 700 1002 siae
736 925 1107 1001 Praelatus
1127 942 1379 1001 noster
1404 922 1893 1025 personaliter
1929 925 2004 997 in
2033 939 2363 997 nostram
2387 918 2757 996 acceden-

552 1034 655 1109 do
694 1033 1225 1134 praesentiam,
1285 1028 1621 1106 exhibuit
1661 1030 1878 1106 nobis
1918 1029 2273 1130 quasdam
2312 1026 2567 1104 literas
2599 1025 2753 1103 Se·

550 1140 916 1218 renissimi
973 1136 1339 1240 Principis
1392 1154 1470 1212 et
1531 1135 1836 1211 Domini
1893 1136 2196 1210 Domini
2252 1131 2758 1239 sigismundi,

549 1245 695 1321 Dei
729 1250 965 1349 gratia
1003 1247 1524 1319 Romanorum
1557 1243 2038 1345 Imperatoris
2079 1269 2381 1344 semper
2425 1241 2756 1344 Augusti

548 1379 639 1430 ac
676 1352 1105 1457 Hungariae
1122 1363 1163 1443 ‚‘
1206 1350 1646 1432 Bobemiae‚
1706 1349 2157 1442 Dalmatiae,
2216 1349 2565 1424 croatiae
2608 1368 2752 1426 etc.

545 1459 843 1562 Regis,
893 1459 990 1536 ad
1041 1484 1250 1535 suam
1310 1459 1698 1564 propriam·
1753 1457 2350 1533 commissionem
2401 1459 2755 1559 patenter

540 1585 879 1644 *exaratas
902 1623 943 1659 ,e
979 1565 1115 1641 sub
1156 1590 1294 1641 suo
1333 1580 1629 1642 secreto
1662 1564 1904 1666 sigillo
1950 1563 2045 1638 ab
2081 1567 2303 1648 ,intrat
2342 1567 2752 1666 consigna-

548 1689 698 1766 tas,
755 1677 1057 1750 tenoris'
1089 1671 1605 1778 subsequentis
1646 1665 2152 1771 requirendo,
2212 1690 2288 1747 vt
2330 1687 2642 1744 tenores
2676 1689 2752 1746 et

546 1778 849 1857 ordines
885 1778 1314 1856 earumdem
1356 1776 1757 1856 verbaliter
1819 1776 2213 1855 transcribi
2269 1795 2346 1876 et
2383 1781 2752 1856 transumi

546 1882 848 1981 facere,
882 1886 1181 1991 sibique
1214 1886 1390 1985 dare
1431 1885 1950 1994 dignaremur.
1987 1883 2082 1959 ad
2121 1885 2484 1986 cautelam
2508 1940 2529 1974 ,
2570 1910 2750 1985 qua·

545 2022 716 2070 rum
754 2013 967 2070 tenor
1017 1994 1175 2069 talis
1210 2011 1365 2071 est:
1399 1993 1592 2071 Nos
1647 1985 2320 2096 sigismundus
2361 1990 2461 2087 (v.
2494 1990 2588 2065 ad
2621 2018 2740 2065 sn.

550 2101 812 2198 1430.)
868 2103 1134 2202 Itaque
1186 2127 1322 2175 nos
1385 2095 1998 2204 requisitionibus
2064 2096 2376 2203 praefati
2437 2098 2748 2174 Domini

543 2207 775 2284 nostri
824 2209 1127 2282 praelat·
1162 2223 1567 2283 annuentes
1586 2217 1611 2299 ‚'
1664 2223 2008 2280 tenorem
2046 2222 2122 2279 et
2161 2204 2460 2282 ordines
2508 2230 2742 2308 prae·-

536 2316 981 2418 scriptarum
1014 2315 1368 2415 regalium
1401 2315 1812 2407 literarum,
1848 2310 1943 2385 de
1983 2310 2223 2386 verbo
2263 2312 2353 2386 ad
2398 2311 2745 2407 verbum,

540 2420 697 2497 sine
737 2421 1228 2499 diminutione
1267 2440 1340 2496 et
1404 2439 1803 2527 augmento
1864 2416 2165 2521 aliquali
2200 2421 2746 2523 *praesentibus

540 2527 773 2603 literis
820 2530 1095 2605 nostris
1134 2527 1554 2629 patentibus
1596 2525 1989 2604 transcribi
2033 2540 2109 2601 et
2145 2528 2501 2603 transumi
2537 2526 2742 2604 faci—

538 2650 787 2727 entes,
843 2634 1085 2709 eidem
1130 2635 1460 2710 Domino
1503 2629 2138 2710 nostro'Praelato
2172 2631 2524 2711 duximus
2559 2660 2742 2710 con·

541 2739 924 2816 cedendas.
986 2743 1251 2837 Datum
1286 2738 1621 2823 secundo
1672 2736 1793 2815 die
1841 2737 2011 2815 festi
2064 2740 2473 2818 Beatorum
2531 2734 2742 2818 Petri

534 2859 612 2922 et
651 2847 849 2922 Pauh
886 2846 1447 2952 Apostolorum.
1514 2849 1739 2922 Anno
1790 2847 2086 2923 Domini
2121 2845 2519 2925 Millesimo
2557 2877 2743 2954 qua·

480 2952 488 2961 ’
534 2952 1118 3056 dringentesimo
1158 2956 1536 3060 trigesimo
1574 2955 1926 3060 quinto.“
1982 2953 2068 3028 L.
2128 2952 2206 3029 S.

618 3085 707 3144 Ex
746 3080 999 3147 archiuo
1032 3083 1348 3148 numerali.
2009 3070 2014 3077 ⁵

1383 3259 1889 3337 CCCXXXV.
2006 3310 2014 3317 -

532 3388 855 3448 Conusneus
887 3392 1217 3453 Jaszovien.
1252 3402 1643 3471 Praepositum
1694 3401 1757 3454 ds
1813 3404 1983 3475 Nagy
2041 3400 2213 3457 Misls
2257 3404 2318 3457 in
2360 3380 2738 3474 possessione

713 3504 817 3557 per
856 3488 1279 3558 Sigismumtum
1307 3494 1380 3543 R.
1418 3490 1499 3546 H.
1539 3494 1657 3545 rasi
1690 3490 1961 3559 habitas,
2012 3492 2222 3566 absqus
2270 3497 2730 3550 comantia-‘ms

718 3590 992 3632 statutum
1032 3577 1228 3648 ναίει-ε.
1268 3580 1334 3633 A.
1378 3579 1538 3645 1435.

716 3694 1082 3770 Omnibus
1145 3696 1414 3774 Christi
1467 3698 1805 3776 fidelibus
1869 3702 2386 3801 praesentibus
2440 3706 2732 3808 pariter

526 3817 603 3876 et
660 3796 979 3895 suturis,
1038 3808 1542 3907 praesentium
1594 3796 1946 3883 noticiam
2002 3806 2399 3900 habituris,
2458 3808 2727 3887 Stani-

519 3904 715 3984 slaus
754 3906 1224 4013 Praepositae
1267 3928 1341 3985 et
1376 3913 1808 3990 Conuentus
1845 3932 2277 4015 monastery
2324 3917 2530 3993 Beati
2574 3918 2729 3997 Jo-

518 4015 728 4091 annis
765 4014 1088 4120 Baptiste
1145 4015 1239 4091 de
1274 4019 1602 4103 Jaszovtr,
1660 4018 1970 4097 salutem
2006 4021 2083 4096 in
2125 4018 2373 4098 salutis
2420 4021 2720 4129 largito·

491 4132 622 4195 re.
677 4123 870 4213 Quia
899 4127 1120 4199 omn'e
1144 4125 1366 4229 quod
1403 4128 1844 4206 memoriam
1893 4131 2217 4233 appetit,
2278 4148 2357 4205 et
2395 4127 2721 4207 firmita—

516 4244 710 4322 tem,
736 4226 1072 4332 dignum
1115 4250 1225 4310 est
1263 4234 1689 4314 testimonio
1741 4232 2268 4313 commendare
2303 4240 2710 4333 literarum,
