2926 4849
640 463 797 540 424

528 672 626 751 de
662 672 762 751 Ca
815 668 1002 749 itulo
1029 685 1157 747 aut
1195 670 1353 746 eius
1382 666 1865 744 decimatores
1915 681 2335 743 erectorum
2387 665 2574 741 solui
2631 684 2711 744 et

463 811 466 824 ³
503 794 695 872 'extr
794 779 903 853 ari
943 793 1527 869 consueuemnt;
1569 794 1812 851 tamen
1855 772 2235 873 quondam
2273 773 2708 874 Magnificus

519 877 875 965 Nicolaus
915 881 1224 959 dedicta
1263 882 1534 972 Chaak,
1573 883 1753 957 olim
1792 880 2123 958 similiter
2164 880 2503 960 Vaiuoda
2535 907 2707 984 par-

505 991 708 1069 ¹tium
767 1011 1197 1068 nostrarum
1252 989 1973 1088 Transyluanarum,
2064 991 2360 1089 genitor
2391 993 2700 1079 ‘vestem

525 1096 849 1204 quodam
903 1107 1259 1201 'tempore
1325 1094 1919 1171 vindemiationis
1961 1150 1981 1188 ,
2072 1122 2166 1169 ex
2235 1087 2704 1196 instigatione

522 1204 1020 1310 quorumdam
1099 1229 1623 1306 peruersorum
1703 1202 2087 1276 hominum
2174 1227 2423 1277 veram
2489 1203 2706 1275 sotu-

503 1305 807 1389 'tionem
866 1312 1365 1408 decimarum,
1433 1311 1722 1385 sinistre
1784 1327 1860 1383 et
1913 1310 2261 1410 nequiter
2322 1310 2703 1409 interpre-

503 1418 872 1510 tantium,
927 1415 1279 1510 aduersus
1311 1417 1509 1518 ipsos
1551 1417 1912 1491 Dominos
1947 1412 2041 1488 de
2067 1413 2409 1518 Capitulo
2448 1453 2551 1469 -
2597 1452 2711 1473 —-

496 1523 630 1585 '·—-
664 1523 1079 1627 indignatus
1116 1523 1468 1626 praefatis
1514 1521 2119 1598 inhabitatoribus
2155 1539 2230 1595 et
2271 1522 2561 1624 populis
2597 1521 2707 1614 di-

499 1630 817 1706 ‘ctorum
853 1629 1334 1734 oppidorum,
1399 1627 1771 1724 villarum,
1822 1644 1897 1702 et
1931 1631 2469 1730 possessionum
2506 1656 2707 1703 com·

514 1741 865 1829 misisset,
923 1736 1171 1838 vtipsi
1211 1732 1537 1809 decimas
1588 1739 1975 1819 vinorum,
2032 1761 2125 1810 ex
2186 1738 2521 1837 ipsorum
2582 1735 2707 1810 vi-

514 1846 715 1938 neis,
769 1843 983 1918 dictis
1026 1841 1370 1919 Dominis
1413 1840 1510 1915 de
1553 1841 1897 1944 Capitulo
1929 1844 2496 1943 prouenienteS,
2550 1869 2701 1915 non

516 1951 596 2028 in
665 1949 852 2027 locis
904 1947 1335 2027 foliatorum
1390 1947 1774 2025 soluerent
1839 1975 1966 2021 seu
2018 1945 2544 2041 extruderent,
2597 1986 2705 2003 --·

515 2096 623 2113 —·
678 2097 784 2114 —
839 2054 974 2131 sed
1011 2056 1529 2156 relinquerent
1569 2079 1693 2131 eas
1731 2052 1810 2129 in
1854 2057 2084 2130 vineis
2143 2074 2216 2129 et
2274 2054 2706 2131 decimatori

514 2159 991 2241 solummodo
1024 2158 1537 2252 notificarent,
1573 2177 1896 2244 mustum
1930 2158 2262 2236 decimae
2308 2163 2380 2235 in
2425 2163 2571 2237 suis
2605 2167 2709 2237 vi·

517 2269 680 2347 neis
724 2269 1152 2371 reliquisse,
1189 2272 1323 2369 qui
1362 2263 1890 2343 inhabitatores
1926 2281 2003 2341 et
2042 2266 2298 2372 populi
2331 2268 2707 2345 dictorum

521 2375 1016 2480 oppidorum,
1115 2373 1460 2451 villarum
1530 2393 1609 2452 et
1680 2376 2224 2479 possessionum
2280 2416 2384 2432 --
2440 2417 2545 2431 —-
2602 2416 2706 2431 --

521 2487 769 2589 potius
801 2481 894 2586 ad
928 2480 1243 2575 malum,
1300 2508 1526 2585 quam
1561 2480 1969 2577 adbonum
2023 2481 2391 2579 inclinati,
2446 2482 2709 2561 huius-

520 2589 731 2667 modi
755 2590 983 2664 vestri
1016 2586 1395 2689 quondam
1434 2587 1814 2664 Genitoris
1854 2588 2293 2665 comissione
2328 2591 2708 2668 conforta·

495 2696 631 2790 ‘ti,
702 2693 990 2770 nedum*
1030 2691 1457 2797 huiusmodi
1516 2695 1840 2771 decimas
1900 2695 2248 2771 vinorum
2308 2696 2421 2773 de‘
2465 2698 2712 2774 viliori

493 2802 749 2877 'etiam
789 2819 865 2878 et
898 2799 1195 2879 abiecto
1229 2815 1475 2876 musto
1501 2857 1523 2893 ,
1579 2817 1903 2894 tantum,
1978 2820 2339 2902 quantum
2402 2805 2707 2894 volunt,

493 2902 1068 3017 '‘quod‘tandem
1097 2939 1139 2985 a
1169 2905 1579 3014 pastoribus
1616 2905 1875 3006 etfaliis
1903 2902 2495 2986 malefactoribus
2530 2936 2709 2989 eon-
2746 2981 2755 2987 s

525 3017 840 3117 sumitur
872 3032 950 3090 et
996 3013 1482 3121 deportatur,
1537 3014 1619 3089 in
1676 3012 1909 3090 doleis
1962 3033 2041 3089 et
2098 3018 2286 3093 vasis
2341 3020 2710 3094 iis-vineis

523 3147 791 3198 eorum
822 3122 1369 3225 relinquentes,
1421 3157 1529 3178 --
1583 3159 1690 3180 --
1743 3160 1838 3179 --
1880 3139 1976 3198 et
2019 3123 2391 3199 dictorum
2438 3125 2711 3201 Domi·
2812 3154 2823 3159 ·

493 3225 792 3304 ‘norum
834 3224 1362 3325 decimatoreS,
1405 3224 1718 3303 forsitan
1751 3227 1906 3303 aliis
1948 3231 2262 3333 negotiis
2312 3232 2707 3336 occupati,

524 3333 690 3410 talis
739 3333 948 3411 modi
1000 3336 1328 3412 decimas
1383 3334 1770 3430 vinorum,
1839 3374 1945 3390 -—-
1996 3376 2108 3393 —-
2150 3372 2268 3393 --
2316 3361 2413 3411 ex
2479 3343 2710 3420 vineis

534 3437 970 3547 praedictis),
1027 3469 1163 3553 per
1204 3440 1534 3518 triduum
1563 3459 1725 3545 post
1764 3441 2347 3519 notificationem
2382 3447 2559 3545 ipsis
2608 3446 2709 3521 fa·

501 3552 759 3644 ‘ctam‚
811 3546 1111 3624 deferre
1151 3575 1303 3623 non
1334 3564 1673 3651 possent,
1731 3566 1903 3625 tunc
1939 3548 2171 3625 iidem·
2207 3550 2285 3624 in
2326 3548 2703 3627 habitato-

491 3649 642 3732 'res
683 3673 756 3733 et
800 3657 1063 3761 populi
1110 3655 1667 3762 praedictorum
1719 3655 2170 3759 oppidorum
2230 3658 2566 3733 villarum
2632 3679 2711 3736 et

516 3758 1064 3866 possessionum
1117 3798 1230 3819 --
1277 3801 1388 3820 --
1440 3800 1544 3817 —-
1601 3763 2056 3866 malignitate
2092 3763 2710 3856 ductisasse‘ren-

517 3884 630 3944 tes
660 3895 739 3944 se
783 3870 975 3944 vasis
1011 3895 1270 3947 eorum
1310 3896 1447 3973 pro
1484 3872 1803 3972 propriis
1840 3895 2107 3946 eorum
2140 3876 2454 3971 negotiis
2485 3898 2709 3977 expe-

485 3971 803 4051 'diendis
843 3975 1221 4081 indigere,
1274 3975 1519 4053 statim
1552 3974 1967 4053 huiusmodi
2007 3982 2325 4065 mustum
2377 3976 2713 4057 decimae

493 4082 612 4157 *ex
649 4084 836 4159 vasis
876 4108 1179 4181 eorum,
1245 4108 1382 4160 seu
1432 4082 1671 4161 doleis
1733 4083 2198 4163 effunderent
2261 4084 2340 4159 in
2392 4102 2715 4187 terram,

485 4186 737 4315 'quod
765 4191 1025 4297 vtique
1065 4193 1141 4270 in
1184 4213 1543 4297 magnum
1581 4185 1937 4271 damnum
1997 4188 2369 4270 dictorum
2432 4190 2709 4274 Domi-

2598 4450 2631 4465 N
