2926 4849
678 472 834 546 576

556 681 804 774 sentia·
828 675 1549 785 etfgratis'mn'siliis
1590 676 1950 784 Principis
1990 674 2179 755 salus
2228 674 2625 772 munitur,
2677 693 2755 754 et

559 790 932 891 regnantis
964 786 1199 892 gloria
1242 801 1707 889 propogatur
1745 808 1842 860 eo
1903 785 2405 889 peramplius,
2450 809 2631 885 ¹quo
2676 787 2749 860 in

561 894 932 995 gremium
968 916 1371 998 generosae
1409 889 1965 984 familiaritatis,
2015 889 2378 972 virtutum
2418 891 2755 967 decorati

560 1000 977 1104 fulgoribus
1027 1017 1102 1076 et
1134 995 1481 1074 scientiis*
1519 995 1862 1075 illustrati
1915 997 2196 1076 fuerint
2266 1002 2752 1102 coassumpti;

564 1105 743 1181 dum
778 1108 1030 1211 itaque
1065 1106 1155 1180 ad
1200 1104 1401 1179 illam
1445 1104 1926 1208 approbatam
1964 1103 2337 1181 'fidelitatis
2377 1124 2546 1182 tuae
2588 1130 2754 1180 con·

561 1214 904 1290 stantiam
930 1270 948 1297 .
1024 1213 1462 1315 prudentem
1490 1236 1807 1315 quoque
1852 1210 2240 1315 legalitatis
2281 1208 2753 1305 industriam,

564 1314 838 1423 quibus
870 1340 944 1396 te
980 1322 1056 1394 in
1100 1313 1505 1423 conspectu
1542 1334 1842 1395 nostrae
1901 1318 2301 1395 Maiestatis
2358 1317 2751 1395 duodecim

560 1429 770 1501 annis
808 1429 953 1501 iam
980 1430 1377 1521 transactis,
1415 1443 1809 1526 tantusque
1841 1424 2196 1526 Physicus
2237 1442 2529 1517 noster,
2564 1453 2757 1501 com·

560 1531 1057 1608 mendabilem
1094 1532 1407 1609 reddere
1452 1531 1836 1627 studuisti,
1894 1533 2131 1656 aciem
2179 1550 2477 1607 nostrae
2532 1557 2754 1606 men-

561 1640 652 1713 tis
691 1643 1236 1733 conuertimus,
1289 1638 1627 1742 dumque
1678 1658 1882 1740 grata
1930 1656 2231 1716 tuorum
2275 1640 2750 1714 seruitiorum
2808 1681 2813 1684 ,

565 1743 926 1849 obsequia
951 1803 973 1842 ,
1029 1744 1301 1850 quibus
1339 1772 1734 1850 personam
1772 1763 2096 1822 nostram
2138 1747 2285 1821 tuis
2328 1748 2515 1821 sanis
2551 1772 2763 1821 con·-

560 1850 734 1926 siliis
774 1869 852 1928 et
884 1856 1185 1928 scientia
1213 1850 1586 1942 bonorare
1629 1855 1939 1948 curasti,
1995 1871 2074 1928 et
2108 1879 2321 1928 curas
2370 1854 2751 1927 incessan-

564 1970 727 2043 ter,
777 1960 908 2062 pio
966 1957 1557 2063 contemplamun
1595 1962 1973 2051 contuitu,
2026 1960 2122 2035 ad
2158 1985 2246 2034 ea
2279 1953 2536 2061 ntique
2582 1958 2750 2033 Ma-

560 2064 781 2139 iestas
822 2083 1090 2142 nostra·
1113 2066 1457 2172 benignis
1489 2066 1883 2142 inclinatur
1920 2066 2311 2143 affectibus
2333 2122 2351 2157 ,
2411 2092 2611 2167 quae
2645 2066 2752 2141 tui

562 2187 790 2246 status
834 2174 1376 2249 exaltationem·
1406 2189 1486 2250 et
1535 2172 1901 2250 honorem
1958 2189 2423 2250 concernunt
2474 2176 2760 2273 pariter

560 2292 640 2353 et
679 2277 1122 2380 profectum.
1180 2277 1375 2357 Sane
1415 2284 1754 2384 quamuis
1808 2278 2210 2356 Serenitati
2266 2302 2611 2371 nostrae,
2686 2295 2757 2356 et

557 2382 1386 2483 familiaribus-nostris,
1444 2390 1518 2464 in
1565 2388 1731 2463 aula
1776 2381 2025 2475 nostra
2088 2386 2754 2481 conuersantibus‚

562 2491 1012 2586 innotescat,
1065 2511 1142 2569 te
1177 2498 1532 2599 tanquam
1570 2494 2001 2595 Physicum·,
2057 2513 2135 2571 et
2182 2492 2561 2569 aedituum
2601 2519 2748 2568 no·-
2810 2554 2819 2563 .

558 2615 834 2690 strum,
889 2601 1207 2675 seruitiis
1266 2605 1539 2677 nostris
1583 2603 1815 2704 regiis«
1866 2619 1942 2677 et
1993 2600 2500 2706 imperialibus
2551 2599 2747 2676 fideli

558 2702 805 2778 studio
846 2704 1190 2808 plurimis
1227 2710 1432 2783 annis
1494 2708 1900 2783 adhaesisse
1925 2765 1947 2801 ,
2004 2725 2389 2811 tuumque·
2421 2710 2745 2795 officium

561 2806 892 2909 legaliter
928 2813 1386 2915 impleuisse3
1443 2842 1540 2889 ne
1591 2832 1834 2889 tamen
1898 2814 1976 2889 in
2030 2833 2412 2918 posterum
2463 2815 2745 2915 aliqui-

558 2914 698 2990 bus
739 2915 832 2990 de
872 2920 1299 2995 conditione
1345 2941 1510 3015 tua,
1540 2946 1712 3022 .qu·a
1758 2939 1827 2995 te
1873 2921 2340 2997 familiarium
2385 2939 2459 2994 et
2497 2922 2747 3023 Physi-

559 3047 822 3097 corum
876 3030 1301 3102 nostrorum
1346 3047 1768 3106 consortem
1820 3023 2159 3120 fecimus,-
2219 3028 2765 3132 aliquapossit-

561 3128 935 3224 dubietas,
991 3160 1122 3208 seu
1163 3137 1617 3234 quaestionis
1646 3137 1950 3210 materia
1994 3135 2369 3209 suborin:
2420 3137 2612 3209 Ecce
2661 3161 2751 3209 ex

555 3238 1185 3339 superabundanti
1215 3282 1266 3334 ,1
1326 3244 1899 3346 praemissorum
1957 3258 2273 3325 tuorum,
2305 3245 2747 3319 meritorum

561 3344 872 3438 intuitu,
936 3356 1019 3419 te
1073 3349 1497 3451 praefatum
1564 3350 1923 3425 Joanneni
1979 3352 2227 3422 animo
2274 3346 2696 3425 deliberato
2724 3402 2747 3442 ,

556 3475 889 3553 sanoque
929 3454 1400 3558 Principum,
1461 3458 1835 3532 Comitum
1862 3508 1888 3548 ,
1949 3456 2320 3531 Bar-onum
2360 3468 2436 3529 et
2474 3458 2747 3531 Proce-

557 3581 727 3629 rum
759 3556 1084 3633 fidelium
1145 3566 1622 3660 nostrorum,
1705 3560 2102 3636 accedente
2165 3562 2471 3638 consilio
2533 3581 2611 3637 et
2664 3587 2753 3637 ex

559 3681 763 3737 certa
803 3664 1107 3741 scientia
1148 3690 1393 3746 nostra
1431 3672 1507 3743 in
1542 3687 1879 3745 nostrum
1925 3668 2362 3770 physicum,
2427 3686 2505 3743 et
2545 3670 2756 3745 Con-

559 3768 922 3846 silias-ium
959 3789 1036 3848 et
1057 3775 1499 3853 familiarem
1533 3796 1869 3851 nostrum
1903 3776 2342 3850 continuum
2383 3799 2760 3852 commen·

557 3873 828 3964 salem,
869 3882 1140 3959 iterum
1196 3885 1665 3975 assumimus,
1713 3903 1789 3958 et
1827 3884 2298 3957 assumsimus
2347 3908 2486 3984 per
2528 3910 2762 3986 prae-

561 4002 847 4080 sentes;
885 4004 1118 4092 teque
1146 3991 1461 4091 aliorum
1487 3989 2001 4093 physicorum‚·
2024 4005 2098 4064 et
2141 3988 2762 4067 consiliariorum

554 4114 645 4164 ac
689 4092 1155 4173 familiarium
1189 4118 1662 4192 nostrorum,
1719 4099 2241 4173 continuorum
2281 4116 2760 4174 commensa-

556 4193 741 4274 lium
778 4226 1122 4300 numerO,
1149 4224 1234 4285 ‘et
1274 4206 1520 4285 doetui
1548 4261 1569 4300 ,
1606 4203 2125 4309 praesentibus
2158 4202 2590 4306 benigniter
2628 4230 2752 4308 ag-
