2926 4849
756 494 940 567 826'

643 706 754 781 tui
803 722 1069 805 statuta
1094 705 1392 796 fuisset,
1446 696 1699 775 eidem>
1743 698 2106 775 Dominae
2144 686 2531 766 Susannne
2573 698 2663 759 et
2696 682 2825 756 Al-

563 890 584 895 ,
643 812 858 888 berto
895 810 1046 889 filio
1087 837 1221 888 suo
1256 808 1673 899 remisisset,
1711 816 1789 881 et
1830 799 2348 891 reindulsisset,
2401 793 2564 866 imo
2602 793 2824 867 remi·

643 922 734 994 sit
779 937 856 994 et
887 919 1309 1009 reindulsit,
1364 909 1982 1014 literasxdenique
2021 906 2389 994 causales,
2450 915 2645 1000 puta
2717 900 2821 970 in·

642 1025 1100 1125 quisitorias‚
1158 1024 1654 1112 euoenon-ias,
1711 1013 2349 1125 proclamatorias.
2408 1024 2491 1081 ct
2532 1005 2820 1080 iudicin-

641 1130 748 1208 les
803 1160 1034 1236 vsque
1099 1130 1244 1209 huc
1300 1146 1560 1205 contra
1602 1130 1797 1232 ipsos
1857 1141 2260 1207 emanatas,
2334 1139 2596 1191 cassas
2653 1113 2819 1186 reli·

642 1240 918 1340 quisset
954 1259 1030 1316 et
1066 1264 1321 1325 vanas,
1379 1252 1453 1310 et
1493 1261 1750 1310 earum
1794 1232 2078 1308 viribus
2111 1225 2501 1303 carituras.
2562 1222 2629 1295 E
2658 1245 2813 1294 con-

642 1371 867 1422 uerso
900 1365 1143 1423 autem
1172 1340 1675 1448 praetitulatus
1708 1341 2068 1421 ,Albertus
2105 1338 2177 1410 in
2222 1359 2350 1407 sua
2391 1348 2474 1404 et
2512 1327 2811 1401 aliorum

641 1453 1150 1556 quorumlibet
1171 1450 1719 1555 praedictorum
1757 1446 2093 1552 personis
2125 1439 2602 1517 assumsisset
2634 1452 2803 1507 etas-

636 1561 892 1636 sumsit
918 1585 1011 1637 eo
1056 1559 1315 1634 modo:
1373 1574 1452 1631 vt
1509 1556 1567 1628 si
1614 1555 1773 1658 ipse
1832 1554 2237 1629 Albertus.'
2279 1542 2402 1619 vel
2460 1541 2651 1634 alii,
2700 1537 2806 1642 qui
2884 1576 2885 1583 κ

534 1668 550 1679 ‘
636 1692 857 1768 supra
897 1666 1148 1770 aliquo
1190 1665 1547 1767 temporis
1588 1662 1665 1735 in
1709 1679 1980 1738 euentu
2019 1654 2477 1759 praedictam
2536 1671 2813 1750 posse-

634 1771 921 1850 sionem
959 1772 1205 1850 Archa
1244 1775 1314 1844 in
1358 1787 1518 1845 toto
1554 1767 1671 1841 vel
1710 1770 1783 1842 in
1822 1781 2031 1873 parte
2070 1760 2339 1867 quo‘uis
2382 1757 2640 1831 modo
2694 1777 2813 1828 oc-

595 1904 945 1983 ·cupare,
1003 1900 1129 1957 aut
1160 1906 1239 1957 se
1275 1878 1775 1951 intromittere
1831 1872 2141 1963 vellent,
2197 1885 2322 1943 aut
2380 1860 2813 1940 reambuln·

634 1988 817 2060 tioni
852 1987 972 2060 vel
1013 1986 1386 2063 statutioni
1420 1982 1664 2057 ductae
1698 1978 2175 2086 possessionis
2222 1970 2476 2049 Archa
2515 1987 2815 2045 contra-

629 2086 884 2169 dicere
923 2111 1419 2178 conarentur,
1477 2106 1554 2164 et
1589 2090 1730 2164 hoc
1785 2114 1958 2164 cum
2000 2084 2253 2187 aliquo
2307 2078 2665 2156 euidenti
2704 2073 2809 2151 tlo-

632 2215 982 2275 cumento
1013 2199 1212 2278 idem
1239 2200 1585 2299 Magister
1622 2195 1936 2275 Thomas
1967 2211 2094 2268 aut
2132 2189 2592 2263 Conuentus
2630 2208 2811 2287 prae-

630 2323 922 2383 notatus
963 2325 1261 2410 possent
1309 2302 1849 2407 comprobare3
1907 2318 2179 2376 extunc
2230 2296 2389 2399 ipse
2457 2292 2807 2366 Athen-tus

629 2430 705 2488 et
754 2412 1043 2491 Nobilis
1093 2414 1416 2490 Domina
1477 2410 1806 2486 Susanna
1852 2424 2144 2499 vocata,
2198 2419 2440 2477 mater
2499 2427 2692 2489 sua,
2750 2398 2804 2471 in

628 2525 944 2624 poenam
1008 2523 1247 2598 dictae
1299 2523 1699 2595 sententiae
1752 2515 2165 2593 reincidere
2209 2509 2595 2584 deberent
2646 2509 2803 2582 etin

624 2631 1012 2702 amissione
1057 2633 1568 2702 vniuersorum
1606 2626 1979 2699 bonorum
2001 2644 2338 2710 suorum,
2375 2615 2631 2692 veluti
2667 2640 2802 2688 scn-

624 2733 946 2824 tenneli,
1004 2734 1633 2807 conuincerentur
1670 2757 1763 2806 eo
1804 2729 2042 2823 fact03
2100 2744 2178 2800 et
2233 2721 2443 2826 quod
2500 2722 2798 2796 vniuer-

623 2864 745 2913 sae
809 2837 1106 2923 literae.
1204 2836 1548 2917 videlicet
1613 2833 2230 2923 sententionales}
2264 2828 2802 2915 ‹euoenon-iae,

620 2947 1178 3048 inquisitoriae,
1235 2946 1889 3052 proclamatoriae,
1945 2937 2315 3020 iudiciales
2349 2955 2423 3012 et
2468 2935 2803 3038 bit-sagis

624 3053 770 3146 les,
828 3074 902 3132 et
932 3054 1310 3157 quaelibet
1353 3056 1427 3128 in
1473 3052 1670 3128 facto
1726 3053 1965 3127 dictae
2010 3044 2507 3153 possessionis
2567 3041 2802 3118 Archa

623 3181 1039 3254 emmane,
1097 3182 1170 3239 et
1205 3159 1591 3238 confectae
1616 3216 1635 3253 ,
1684 3161 2174 3262 etsignanter
2212 3153 2493 3227 factum
2533 3174 2804 3254 posses·

621 3268 847 3341 sionis
877 3267 1028 3369 Fyr
1069 3284 1487 3370 tangentes,
1544 3284 1799 3343 contra
1851 3261 2219 3370 praefatos
2263 3257 2669 3333 Albertum
2740 3272 2803 3330 et

615 3371 936 3450 'matrem‘
989 3374 1319 3451 eiusdem
1373 3400 1460 3448 ac
1521 3373 1702 3448 alios
1762 3370 2175 3476 praedictos
2232 3391 2407 3441 cum
2452 3364 2794 3439 omuibus

619 3507 870 3555 earum
895 3482 1219 3558 articulis
1241 3502 1315 3558 et
1337 3480 1683 3557 clausulis
1704 3481 2060 3555 haberent
2096 3475 2383 3579 priores
2418 3471 2787 3548 sententis·

565 3653 574 3662 .
616 3613 784 3661 rum
804 3594 1115 3692 vigores.
1148 3590 1267 3664 Ad
1289 3613 1478 3692 quae
1501 3590 1890 3692 praemissa
1912 3601 1989 3661 et
2024 3583 2330 3685 quaeuis
2364 3581 2781 3684 praemisso-

613 3717 781 3768 rum
809 3698 1086 3799 singu‘la
1122 3697 1363 3771 dictae
1400 3713 1641 3798 partes
1678 3721 1757 3771 se
1798 3695 2217 3797 obligarunt
2254 3711 2517 3762 coram
2560 3682 2783 3761 nobis.

610 3798 697 3875 In
716 3803 924 3878 'cuius
944 3805 1050 3877 rei
1072 3805 1529 3892 memoriam,
1560 3801 2054 3900 firmitatemq.
2090 3812 2571 3902 perpetuam,
2616 3813 2799 3897 prae·

610 3925 855 3983 sentes
900 3911 1150 3987 literas
1207 3928 1495 3985 nostras
1553 3906 2047 4014 priuilegiales
2110 3901 2499 4009 pendentis
2553 3919 2635 3977 ct
2679 3926 2789 3973 au·

609 4013 916 4092 theutici
953 4017 1165 4120 sigilli
1204 4012 1438 4091 nostri
1474 4018 1773 4093 maioris
1804 4014 2205 4091 munimine
2235 4006 2637 4083 roboratas
2671 4005 2787 4080 du·

606 4123 849 4199 ximus
903 4121 1442 4201 concedendas.
1512 4125 1775 4199 Datum
1823 4124 1900 4198 in
1954 4119 2146 4197 festo
2204 4115 2415 4192 Beati
2475 4113 2785 4191 Mathia

610 4229 963 4333 Apostoli.
1048 4232 1267 4309 Anno
1327 4232 1627 4308 Domini
1684 4222 2269 4308 'MCDXXXVL
2344 4219 2782 4301 Reuerendo

1442 4595 1479 4618 ὁ
