2926 4849
1961 500 2112 573 803

102 704 370 778 lunium
396 702 566 808 lpol
604 703 927 782 tenendo
953 708 1675 783 commetaneitatem
1703 730 1875 784 cum
1897 706 2067 782 villa
2097 710 2193 783 Pe
2226 708 2243 775 .“

102 811 348 902 νειῑεη,
406 810 740 916 inibique
783 811 1367 916 pertranseundo
1398 816 1638 917 ipsum
1686 812 2024 889 Flauium
2057 811 2223 917 Ipol

102 915 408 993 :enderet
448 943 694 993 versus
732 918 1357 1023 Septentrionem
1388 919 1712 996 tenendo
1749 936 2021 996 metam
2057 946 2224 996 cum

102 1021 442 1101 iraedicta
479 1022 647 1098 villa
680 1024 1023 1126 Gyeork,
1091 1023 1264 1100 inde
1303 1028 1594 1100 veniret
1646 1027 1846 1102 iuxta
1893 1040 2224 1102 montem

102 1122 485 1223 mearum,
539 1130 770 1233 ipsius
806 1132 1022 1206 villae
1063 1131 1408 1230 Gyeork,
1480 1131 1784 1207 Thefirk
1843 1149 2227 1228 vocatum,
2328 1224 2331 1231 ⁴

100 1235 389 1341 ndeque
441 1237 890 1335 angulariter
924 1237 1445 1339 regrederetur
1498 1224 1589 1311 ad
1626 1238 2030 1327 orientem,
2101 1237 2246 1315 ve·'

99 1344 264 1419 iiret
302 1342 389 1416 ad
429 1341 734 1418 fluuium
771 1344 1173 1447 Korpona,
1230 1369 1457 1446 quem
1499 1343 2080 1447 pertranseundo
2129 1360 2233 1420 te-

100 1466 591 1553 ieret-metam
637 1450 804 1524 cum
854 1450 1019 1525 villa
1062 1451 1389 1524 similiter
1434 1448 1712 1551 Saagh,
1788 1476 1977 1551 quae
2032 1475 2232 1526 nunc

107 1574 448 1630 mmutato
487 1558 784 1629 nomine
819 1557 1024 1630 Thur
1068 1574 1504 1648 vocaretur,
1567 1554 1943 1632 Michaelis
1989 1557 2232 1633 litera·

100 1664 206 1737 ;i“.
259 1662 346 1743 Et
365 1664 698 1761 quamuis
738 1659 1148 1737 huiusmodi
1171 1660 1533 1753 limitatio,
1563 1662 1668 1736 sie
1712 1679 1789 1737 vt
1830 1662 2233 1766 profertur,

100 1785 303 1859 &sset‚
359 1784 435 1842 et
469 1765 906 1862 haberetur,
940 1786 1186 1843 tamen
1228 1767 1453 1843 modo
1488 1768 1902 1871 praefatum
1948 1770 2235 1873 Capitu-

104 1872 635 1961 umEcclesiae
690 1871 1253 1977 strigoniensis,
1333 1893 1561 1950 metas
1615 1878 2100 1979 praescriptas
2160 1892 2239 1951 et

100 1982 567 2056 listinctiones
610 2007 860 2055 earum
893 2008 1029 2084 per
1060 1980 1379 2084 populos
1411 1998 1489 2055 et
1530 1982 1573 2052 J
1580 1980 2058 2084 obbagyones
2097 2008 2238 2057 eo·-

100 2114 234 2164 ·um
284 2089 357 2161 in
410 2085 784 2187 praedicta
823 2088 1130 2187 Gyeork
1189 2084 1632 2179 residenteS,
1726 2085 2237 2187 transgredere

100 2190 450 2286 aciendo,
493 2210 566 2268 et
601 2191 1041 2284 mandando,
1070 2219 1405 2295 magnam
1435 2209 1719 2296 partem
1756 2209 1993 2271 terrae
2029 2220 2240 2295 prae·

98 2303 258 2377 'atae
298 2292 773 2402 possessionis
811 2297 1090 2403 Saagh,
1167 2324 1300 2403 per
1352 2299 1653 2373 eosdem
1703 2301 2109 2400 occupari,
2165 2318 2242 2378 et

98 2408 165 2484 nd
206 2407 472 2482 dictam
512 2405 757 2482 villam
791 2407 1094 2507 Gyeork
1125 2404 1538 2509 applicare,
1596 2423 1672 2482 et
1704 2426 2098 2483 annectere
2138 2403 2242 2483 fe·

98 2517 376 2604 :issent,
437 2541 657 2615 quam
717 2511 1022 2617 praefati
1061 2536 1325 2587 eorum
1365 2512 1843 2614 Jobagyones
1887 2515 1989 2587 vti
2023 2511 2239 2590 fecis-

104 2640 233 2697 ent
275 2640 349 2695 et
389 2639 814 2711 vterentur,
872 2621 1193 2722 potentia
1245 2618 1654 2710 mediante,
1730 2620 1808 2692 in
1867 2619 2238 2721 praeiudi-

98 2731 271 2802 :ium
291 2729 467 2801 iuris
499 2732 834 2831 ipsorum
862 2725 1260 2830 Praepositi
1297 2743 1372 2799 et
1394 2741 1806 2800 conuentus
1842 2725 2054 2820 valde
2094 2753 2238 2800 ma·

98 2862 337 2937 gnum3
396 2861 483 2908 ex
526 2849 739 2935 parte
798 2834 1007 2907 cuius
1070 2832 1417 2905 iudicium
1482 2830 1735 2904 haberi
1793 2830 2014 2904 vellet
2073 2833 2241 2906 iure

98 2939 526 3016 [dmittente.
584 2941 755 3030 Quo
791 2935 1038 3012 audito
1080 2936 1515 3009 Valentinus
1555 2936 1919 3022 Literatus
1955 2934 2048 3010 de
2081 2936 2244 3036 Hy-

98 3046 212 3121 lan
252 3073 390 3151 pro
435 3064 842 3122 memorato
897 3043 1244 3144 Capitulo
1293 3040 1661 3115 Ecclesiae
1718 3037 2240 3142 Sti-igoniensis

98 3181 238 3228 :um
276 3155 811 3254 procuratoriis
856 3149 1082 3226 literis
1116 3151 1188 3223 in
1232 3147 1638 3247 praesentia
1670 3144 2012 3238 „eiusdem
2078 3149 2239 3222 Do-

98 3262 245 3334 nini
301 3249 609 3335 Comitis
687 3255 1033 3334 Matthaei
1090 3253 1520 3355 exui-gendo
1586 3251 2083 3355 respondisset
2145 3278 2241 3332 ex

98 3365 430 3440 duerso:
477 3365 677 3467 quod
699 3367 936 3469 ipsum
972 3362 1383 3467 Capitulum
1410 3388 1543 3465 per
1563 3359 1882 3462 populos
1920 3378 1996 3434 et
2028 3359 2242 3434 Joba-

98 3495 353 3572 ;yones
409 3498 668 3548 eorum
722 3468 1053 3546 indicta
1111 3467 1418 3569 Gyeiirk
1476 3463 1880 3541 residentes
1961 3464 2279 3540 nullam>

98 3594 361 3653 >artem
402 3595 640 3655 terrae
677 3607 716 3652 a
759 3577 1077 3681 praefata
1129 3575 1580 3678 possessione
1620 3568 1855 3674 Saagh
1910 3573 2242 3676 ipsorum

98 3687 480 3787 'raepositi
526 3705 602 3762 et
652 3684 1079 3759 Conuentus
1118 3681 1470 3783 occupari
1502 3696 1576 3753 et
1611 3677 1704 3751 ad
1740 3676 2011 3752 dictam
2057 3704 2241 3778 pos-

100 3793 475 3867 essionem
530 3791 836 3890 Gyeork
887 3806 1275 3865 annectere
1338 3804 1413 3861 et
1463 3782 1812 3889 applicari
1861 3781 2240 3878 fecissent3

98 3897 284 4000 [uod
325 3897 525 3973 idem
550 3896 969 4001 Capitulum
1000 3920 1223 3999 super
1253 3894 1447 3968 dicta
1480 3890 1943 3996 possessione
1984 3915 2240 3964 eorum

98 4004 387 4104 {yeork
456 4004 701 4080 literas
746 4000 1050 4078 haberet
1101 3999 1444 4092 metales,
1533 4020 1724 4100 quae
1781 3994 2049 4070 dictam
2120 4020 2242 4071 eo-

103 4108 421 4184 umdem
454 4110 991 4215 possessionem
1036 4103 1386 4209 Gyetirk,
1417 4131 1458 4177 a
1493 4100 1816 4207 praefata
1850 4099 2241 4206 possessio-

98 4242 156 4290 ιε
196 4213 447 4320 Saagb
490 4217 853 4294 metaliter
898 4209 1424 4318 distinguerent
1458 4227 1534 4321 et
1582 4208 1875 4388 easgtim
1934 4234 2086 4286 non
2148 4207 2235 4283 ad
