2926 4849
2152 558 2249 625 83

384 753 656 850 cimas,
711 717 943 880 atque
988 755 1468 833 interdictum
1516 757 1954 865 Episcopale
1996 787 2360 866 aggraua-

386 880 632 939 torum
671 881 998 967 exponit.

183 966 426 1045 CDLI.
489 970 886 1046 Processus
924 976 1115 1047 inter
1148 965 1595 1071 Raphaelem
1640 972 1976 1076 Herczeg
1998 976 2093 1052 de
2125 977 2354 1054 Szek-

386 1081 562 1166 εςὸ,
617 1105 704 1150 ac
743 1079 1222 1152 Laurentium
1280 1076 1373 1152 de
1409 1076 1864 1156 lIederwara
1927 1082 2355 1174 Palatinum.
2492 1119 2495 1124 ·

176 1183 454 1272 CDLII.
524 1182 712 1258 Litis
760 1186 1046 1259 metalis
1101 1183 1412 1260 arbitrio
1482 1202 1806 1283 quatuor
1852 1190 2352 1295 Jobagionum

386 1289 895 1365 adiuratorum
933 1291 1386 1392 compositae
1420 1288 1975 1369 documentum.

175 1397 489 1473 CDLIII.
546 1398 951 1473 Cambiales
988 1424 1073 1492 ac
1116 1401 1540 1473 statutoriae
1597 1403 2075 1504 possessionis
2118 1387 2399 1480 Kural'

386 1531 528 1606 pro
573 1504 658 1578 A.
712 1503 1088 1607 Episcopo
1131 1503 1459 1605 Strigon.

175 1611 493 1687 CDLIV.
554 1612 977 1686 Conuentus
1013 1609 1568 1686 cruciferorum
1625 1607 1717 1687 de
1778 1610 2159 1720 Strigonio
2216 1617 2351 1696 do-
2442 1633 2449 1636 ’

382 1716 793 1794 nationales
831 1718 1051 1792 Belae
1087 1718 1274 1818 regis
1313 1743 1541 1822 super
1576 1718 1842 1794 collata
1891 1728 2349 1826 possessione
2502 1721 2511 1724 ’

384 1825 720 1900 Vadkert
777 1825 1181 1898 transumit.

178 1948 456 2026 CDLV.
515 1951 593 2024 C.
647 1946 1062 2051 Stephanus
1101 1948 1196 2022 de
1231 1945 1463 2023 Bator
1487 2004 1513 2040 ,
1583 1951 1628 2022 J
1635 1949 1833 2026 udex
1868 1931 2166 2049 Curiae,
2198 1978 2351 2028 me-

383 2056 567 2132 tales
607 2056 1083 2160 possessionis
1121 2056 1304 2132 Eurs
1344 2053 1718 2157 elargitur.

175 2184 485 2259 CDLVI.
543 2185 645 2258 M.
709 2185 1082 2261 Laurentii
1113 2183 1205 2258 de
1248 2183 1684 2264 Hederuara
1734 2189 2033 2265 Palatini
2094 2187 2355 2265 literae

379 2291 687 2369 metales
724 2292 1261 2367 affirmator-iae·
2108 2305 2113 2312 ’

177 2398 528 2476 CDLVII.
587 2398 972 2476 Generalis
1017 2400 1229 2475 Prior
1263 2397 1826 2477 carmelitarum
1889 2398 2196 2478 Senatui
2261 2403 2357 2478 E-

383 2505 817 2613 perjesiensi
849 2531 1075 2609 super
1109 2529 1231 2581 res
1259 2531 1347 2581 ac
1383 2504 1587 2582 bona
1615 2509 2045 2586 conuentus
2070 2507 2218 2585 loci
2248 2512 2358 2583 in·

383 2616 839 2692 tendentium
877 2611 1143 2703 defert.

182 2744 569 2821 CDLVIII.
627 2740 1042 2847 Capitulum
1083 2741 1409 2818 Albense
1452 2742 1850 2822 Dominam
1880 2743 2359 2848 Anastatasi-

384 2882 543 2937 am,
600 2853 673 2925 in
723 2848 1082 2926 suburbio
1144 2852 1358 2924 castri
1413 2849 1808 2943 AlbensiS,
1862 2853 1940 2927 in
1998 2854 2169 2928 vico
2234 2851 2356 2928 Sz.

379 2953 745 3036 Ersebeth
802 2955 1236 3060 degentem,
1305 2956 1595 3030 vineam
1636 2985 1842 3033 suam
1888 2960 1966 3033 in
2011 2985 2361 3061 promon-

380 3071 580 3142 torio
634 3065 876 3157 Iszka,
953 3063 1353 3138 cruciferis
1417 3064 1515 3139 de
1574 3063 1767 3139 Alba
1825 3065 2146 3170 legasse,
2236 3085 2359 3142 te-

383 3193 631 3251 statur.
1528 3224 1533 3227 -
2128 3174 2151 3203 ⁶

178 3281 490 3357 CDLIX.
568 3277 969 3356 Comitatus
1033 3274 1372 3352 Albensis
1429 3275 1890 3382 Stephanum
1960 3275 2054 3355 de
2114 3266 2359 3354 ¹Szent:

149 3382 154 3385 ²
381 3391 699 3489 Gydrgy
753 3413 793 3458 a
845 3384 1107 3458 vineae
1163 3387 1235 3457 in
1297 3401 1552 3458 monte
1605 3383 1807 3459 Iszka
1865 3386 2355 3489 occupatione

377 3524 516 3599 per
559 3491 976 3570 Cruciferos
1014 3490 1110 3565 de
1151 3489 1338 3565 Alba
1374 3488 1803 3585 inhibitum,
1880 3491 2102 3566 fidem
2153 3492 2351 3567 facit.

173 3623 459 3698 CDLX.
513 3621 862 3696 Nicolaus
899 3618 992 3693 de
1031 3619 1319 3718 Peryn,
1376 3618 1619 3692 Banns
1659 3617 1752 3692 de
1804 3618 2172 3707 Zeurino‚
2228 3643 2347 3691 re·
2450 3696 2461 3707 ‚

380 3755 547 3833 gem
589 3724 1135 3831 Sigismundum
1159 3781 1177 3808 ,
1214 3741 1292 3799 vt
1325 3723 1954 3799 exercituantibus
1988 3722 2350 3826 stipendia

378 3836 913 3923 subministret,
966 3857 1061 3929 ne
1110 3831 1299 3903 mala
1346 3829 1942 3933 subsequantur,
1998 3849 2297 3913 monet„

176 3964 479 4040 CDLXI.
536 3958 906 4062 Georgius
941 3956 1035 4032 de
1074 3957 1427 4058 Rozgon,
1488 3956 1750 4029 Comes
1793 3956 2050 4032 Poson.
2104 3959 2173 4032 N
2181 3958 2340 4033 itri-

373 4096 488 4145 en.
521 4085 596 4141 et
621 4065 1160 4139 Comaromien.
1198 4064 1854 4163 congregationem
1894 4091 2135 4167 prope
2174 4067 2343 4139 Jau-
2452 4072 2459 4081 ’

369 4176 624 4251 tinum
668 4171 1019 4248 celebrat.

180 4283 520 4360 CDLXII.
577 4277 952 4357 Ladislaus
1013 4276 1107 4353 de
1150 4276 1441 4354 Tamasi
1463 4330 1489 4369 ‚
1562 4276 1824 4353 Comes
1866 4273 2300 4457 {iumiemis
2322 4331 2346 4370 ‚
