2926 4849
2172 529 2323 606 289

205 720 428 805 hus,
500 750 643 829 pro
695 727 1096 801 Conuentu‘
1159 720 1728 803 Crucil‘erorum
1795 725 2163 810 Ecclesiae
2221 730 2427 816 Beati

191 832 468 933 Regis
512 829 866 934 Stephani
915 830 1011 904 de
1050 829 1245 905 Alb·
1291 832 1388 907 ad
1438 835 1982 936 inquisitiones,
2039 860 2133 914 eu
2189 846 2429 922 catio-

193 965 358 1013 nes
425 931 957 1040 prohibitiones
1012 954 1087 1012 et
1142 937 1237 1012 ad
1295 939 1543 1014 omnia
1603 940 1740 1014 alia
1798 965 1989 1042 quae
2036 946 2157 1019 tali
2214 951 2426 1029 usin

185 1040 707 1149 processibus
751 1046 954 1118 iuxta
992 1043 1175 1118 dicti
1219 1049 1428 1148 regni
1467 1048 2077 1126 consuetudinem
2121 1054 2215 1128 de
2235 1057 2281 1128 J
2287 1085 2420 1136 ure

187 1153 392 1229 fieri
431 1170 1033 1243 consueuerant,
1079 1149 1450 1248 facienda,
1507 1152 1902 1257 eidemque
1945 1163 2266 1258 gratiose
2300 1166 2420 1241 da·
2524 1233 2537 1257 ,

185 1262 319 1356 tis
345 1276 439 1333 et
472 1260 869 1351 concessis,
918 1257 1285 1361 nobisque
1324 1266 1841 1363 praeceptorie
1879 1262 2204 1359 directis,
2261 1272 2420 1346 iux-2

182 1363 316 1444 αι’
357 1366 795 1440 earumdem
849 1364 1383 1440 continentiam
1444 1389 1590 1439 vna
1647 1392 1822 1443 cum
1872 1370 2270 1452 Dominico
2320 1377 2418 1454 de

178 1472 622 1566 Euda-ced,
677 1472 979 1549 homine
1036 1471 1298 1572 regio,
1329 1471 1430 1546 'in
1475 1472 1736 1549 iisdem
1797 1476 2025 1551 literis
2074 1486 2422 1559 annuali...

177 1582 369 1657 bus
424 1578 620 1655 inter
658 1577 838 1654 alios
869 1579 1331 1680 conscriptos
1362 1581 1797 1656 nominatim
1837 1608 2233 1686 expresso,
2285 1617 2420 1667 no·

183 1706 474 1765 strum
525 1682 938 1776 hominem,
1008 1682 1355 1763 videlicet
1418 1685 1936 1782 Anthonium,
1992 1687 2219 1768 Chori
2279 1697 2419 1775 Ec-¹

175 1795 497 1871 clesiae
539 1810 857 1871 nostrae,
892 1789 1266 1868 Clericum
1294 1849 1316 1886 ,
1370 1791 1467 1867 ad
1500 1793 2041 1900 infrascriptam
2095 1798 2421 1906 inquisi-

179 1904 515 1977 tionem
572 1915 649 1974 et
683 1899 1197 1975 euocationem
1243 1897 1663 1977 faciendam
1705 1921 1966 1982 nostro
2023 1927 2165 2009 pro
2205 1910 2423 1984 testi..

171 2008 489 2085 monio
525 2007 1040 2082 transmisimus
1085 2004 1233 2080 fide
1275 2005 1621 2110 dignum:
1679 2007 1828 2099 Qui
1877 2012 2177 2090 tandem
2216 2013 2439 2093 exim·

174 2116 307 2191 de
375 2111 483 2187 ad
561 2139 696 2187 nos
758 2114 1039 2189 reuersi
1105 2111 1324 2189 nobis
1390 2113 1869 2190 concorditer
1939 2120 2414 2201 retulerunt:

177 2219 445 2325 quod
488 2219 627 2325 ipsi
647 2221 727 2294 in
769 2217 957 2296 festo
997 2221 1331 2295 omnium
1354 2218 1805 2296 Sanctorum
1836 2226 2180 2328 proxime
2210 2254 2418 2329 prae-

172 2330 493 2420 terite,
546 2327 622 2400 in
683 2326 1048 2402 Comitatu
1100 2325 1451 2433 Tolnensi
1513 2328 1726 2401 simul
1791 2330 2319 2436 procedendo,
2373 2364 2418 2412 a

167 2434 599 2514 nobilibus
645 2433 992 2510 videlicet
1036 2451 1112 2508 et
1148 2431 1639 2535 ignobilibus,
1694 2461 1781 2511 ac
1827 2437 2133 2516 alterius
2179 2445 2414 2520 cuius·

171 2548 320 2620 uis
363 2556 605 2617 status
633 2558 711 2617 et
746 2541 1192 2618 conditionis
1249 2537 1432 2616 dicti
1485 2542 1892 2630 Comitatus
1942 2543 2359 2644 hominibus
2390 2607 2415 2647 ,

170 2650 623 2754 diligenter
672 2646 1170 2749 inquirendo,
1225 2647 1445 2723 talem
1490 2644 1584 2722 de
1632 2644 2114 2757 infrascriptis
2158 2656 2413 2734 sciuis-

163 2775 378 2836 sent
424 2754 850 2829 veritatemi
910 2751 1134 2845 Quod
1183 2753 1360 2828 dum
1401 2752 1784 2856 religiosus
1813 2756 2065 2835 frater,
2085 2758 2406 2843 Thomas
2492 2752 2507 2765 ⁸

167 2860 571 2941 Crucifer
620 2878 696 2937 et
743 2863 1188 2964 Praeceptor
1238 2860 1480 2936 dictae
1518 2859 1891 2939 Ecclesiae
1929 2863 2139 2943 Beati
2175 2869 2405 2975 Regis

165 2966 620 3075 Stephani,
676 2966 770 3044 de
820 2967 1054 3062 Alba,
1128 2968 1208 3041 in
1270 2967 1515 3070 vigilia
1586 2965 1767 3043 dicti
1833 2969 2001 3046 festi
2065 2978 2404 3054 omnium

163 3080 715 3171 Sanctorum,
769 3074 1104 3150 similiter
1157 3101 1354 3149 nunc
1402 3073 1663 3178 elapsi,
1718 3091 1951 3150 metas
2011 3084 2404 3181 possessio·

160 3186 327 3265 nis
368 3183 688 3283 Gyank,
733 3184 970 3286 ipsius.
996 3181 1449 3276 Conuentus,
1505 3206 1651 3254 vna
1689 3204 1861 3256 cum
1894 3180 2236 3288 praefatis
2253 3187 2401 3265 Do-

155 3290 495 3371 minico
547 3290 788 3391 Regio
837 3306 912 3365 et
971 3286 1343 3363 Anthonio
1400 3288 1607 3363 dicto
1658 3306 1916 3366 nostro
1973 3291 2399 3371 testimonio

158 3397 641 3479 hominibus
698 3395 1324 3487 reambulassent,
1380 3412 1456 3470 et
1499 3397 2092 3498 consignassent,
2147 3418 2225 3476 et
2263 3400 2394 3475 ab-

157 3505 383 3587 inde
445 3496 537 3576 ad
579 3502 889 3578 eandem
951 3503 1490 3605 possessionem
1549 3500 1850 3603 Gyanth
1884 3530 2214 3580 remeare
2250 3503 2392 3584 ha-
2429 3560 2435 3564 -

158 3598 592 3706 buissent3
651 3624 827 3685 tunc
859 3610 1296 3684 Vincentius
1333 3607 1570 3684 dictus
1592 3608 1931 3706 Zymles,
1984 3612 2059 3684 in
2098 3608 2392 3689 Simon-

159 3745 524 3818 tornya,
609 3714 962 3794 Nicolaus
1018 3714 1353 3790 Horvath
1421 3718 1515 3788 inr
1572 3714 1932 3819 Wysala‚
2005 3734 2078 3792 et
2132 3719 2391 3799 Paulus

151 3836 266 3908 in
311 3822 760 3925 Warlyath,
814 3851 898 3897 ac
930 3822 1258 3896 ‚Iacobus
1309 3821 1620 3921 Hodosy
1644 3874 1673 3910 ,
1730 3824 1786 3897 F
1793 3824 2161 3899 ranciscus
2199 3825 2392 3911 filius
2531 3910 2541 3925 ἲ

156 3931 562 4024 Pei-thes,
619 3931 990 4005 Johannes
1048 3955 1355 4031 sponsus
1403 3928 1756 4027 Anthony
1793 3930 2067 4024 Wani,
2123 3918 2413 4011 Paulus]

156 4044 401 4121 filius
441 4037 735 4138 Wyda,
792 4038 1155 4137 Georgius
1197 4032 1380 4108 filius
1418 4034 1843 4131 Michaelis,
1898 4035 2091 4112 Elias
2119 4030 2387 4129 :Eme-2

153 4155 405 4229 ricus
469 4143 873 4247 Serwygh3
928 4139 1343 4218 Matthaeus
1397 4139 1874 4225 et‘Martinus
1928 4142 2058 4218 filii
2100 4147 2405 4243 Lucae,

155 4255 531 4334 Thomas
571 4250 760 4328 filius
797 4250 1150 4346 Martini,
1200 4247 1527 4329 Jacobus
1547 4248 1885 4355 waly,
1944 4249 2388 4330 Valentinus

307 4361 533 4437 Tom.
566 4361 666 4436 Χ.
702 4357 867 4437 Vol.
902 4358 1062 4435 Vll.
1906 4363 1999 4433 19
2246 4380 2259 4387 “
