2926 4849
2008 482 2169 573 sss

100 708 387 783 Paulum
437 707 873 810 Magi-trum
907 710 1344 808 Agazonum
1380 731 1858 806 nostrorum,
1916 732 2263 814 tanquam

100 838 272 887 ›ene
309 821 697 909 meritum,
737 834 951 892 certo
993 834 1245 894 nostre
1287 817 1691 894 Maiestatis
1722 819 1929 896 dono
1959 823 2271 927 premia„

101 920 238 994 iuo
286 921 380 997 ad
431 949 729 1027 presens
771 948 1296 1046 remunerare,
1353 943 1676 1001 castrum
1726 946 2062 1003 nostrum
2109 930 2267 1003 Bo·

116 1054 163 1100 o
197 1057 239 1101 n
262 1028 309 1103 d
332 1057 380 1106 o
408 1029 514 1105 ch
562 1050 946 1123 vocatum,
1005 1031 1079 1105 iu
1116 1030 1497 1106 Comitatu
1534 1032 2082 1109 Trinchiniensi
2134 1034 2271 1108 ba-

100 1134 366 1228 bitum,
423 1135 629 1241 quod
665 1166 799 1240 per
833 1135 1207 1214 defectum
1261 1140 1561 1216 seminis
1609 1163 1830 1216 sexus
1889 1142 2274 1215 masculini

100 1243 464 1343 quondam
504 1243 868 1338 Stiborii,
927 1249 1094 1320 iuxa
1146 1244 1592 1322 laudabilem
1652 1264 1728 1321 et
1787 1232 2273 1350 approbatam

98 1353 295 1451 egui
332 1352 568 1429 nostri
609 1351 704 1426 ab
759 1354 936 1428 olim
979 1349 1452 1429 obseruatum
1503 1353 2127 1431 consuetudinem
2180 1356 2273 1429 ad

98 1483 345 1533 manus
385 1446 671 1534 nostras
713 1463 944 1563 regias
986 1458 1144 1535 de
1125 1486 1287 1536 lure
1326 1463 1572 1536 existit
1608 1457 2097 1555 deuolutum,
2167 1463 2275 1537 si·-

98 1564 233 1637 nul
276 1591 450 1639 cum
491 1566 835 1642 omuibus
881 1566 1221 1670 oppidis,
1279 1567 1507 1658 villis,
1552 1584 1636 1641 vet
1688 1569 2276 1669 possessionibus

98 1670 178 1746 ad
219 1672 418 1751 idem
461 1674 965 1797 spectantibus
1006 1692 1083 1747 et
1117 1676 1497 1777 pertinere
1537 1673 2033 1765 debentibus,
2091 1675 2276 1750 aliis-

98 1805 237 1880 que
275 1783 561 1855 cunctis
599 1785 747 1854 suis
785 1808 869 1856 ae
902 1780 1318 1856 huiusmodi
1358 1778 1853 1884 oppidorum,
1886 1784 2282 1906 possessio-

98 1913 420 1986 numque
468 1905 545 1963 et
585 1888 920 1963 villarum
960 1888 1397 1963 vtilitatibus
1430 1905 1506 1962 et
1548 1890 2049 1991 pertinentiis,
2108 1907 2281 1992 puta

98 1993 431 2083 ributis,
490 1999 705 2070 terris
741 1996 976 2071 eciam
1026 1964 1459 2086 arabilibuS,
1538 1996 1753 2069 cultis
1804 2014 1879 2070 et
1939 1998 2277 2087 incultis,

98 2103 320 2224 agris,
349 2103 636 2203 pratis,
694 2103 935 2195 siluis,
977 2101 1448 2191 nemoribus,
1495 2101 1915 2194 montibus,
1950 2104 2280 2196 vallibus,

98 2209 319 2284 vineis
351 2225 431 2282 et
472 2210 878 2287 vinearum
893 2209 1474 2312 promontoriis,
1514 2212 1725 2317 aquis
1767 2235 2279 2313 aquarumque

96 2313 564 2409 iecursibus,
621 2316 1112 2399 molendinis,
1170 2335 1244 2391 et
1286 2314 1886 2393 molendinorum
1937 2316 2155 2407 locis,
2192 2345 2277 2399 ac

96 2423 528 2522 generaliter
560 2422 1070 2524 quarumlibet
1110 2422 1499 2500 vtilitatum
1541 2443 1606 2498 et
1642 2426 2277 2526 pertinenciarum

96 2523 667 2631 ntegritatibus,
744 2534 1016 2632 quouis
1075 2534 1394 2604 nominis
1471 2529 1842 2606 vocabulo
1900 2533 2280 2623 vocitatis,

96 2635 241 2710 id
220 2663 461 2741 ipsum
502 2657 824 2713 castr-um
860 2657 1193 2712 nostrum
1241 2635 1716 2730 Bolondoch,
1772 2664 1911 2713 nec
1947 2666 2099 2713 non
2146 2667 2280 2743 ορ·

96 2744 302 2848 pida,
360 2746 1009 2848 possessionesque
1051 2764 1124 2820 et
1166 2745 1370 2818 villas
1408 2762 1922 2848 praenotatas,
1979 2743 2134 2818 de
2112 2773 2276 2820 iure

96 2847 636 2976 spectantibus,
676 2871 752 2927 et
795 2853 1172 2956 pertinere
1209 2850 1679 2940 debentibu3‚
1716 2853 1864 2926 suis
1895 2854 2085 2926 veris
2123 2879 2278 2927 me-

96 2960 176 3034 js
215 2977 290 3034 et
330 2960 646 3058 antiquis
695 2957 1103 3048 limitibus,
1159 2957 1439 3060 quibus
1486 2955 1887 3034 videlicet
1867 2983 2112 3060 ipsum
2159 2983 2275 3034 ca-

96 3084 319 3142 atrum
357 3089 442 3138 ac
482 3083 821 3142 annotata
864 3064 1141 3167 oppida
1177 3080 1254 3138 et
1294 3066 1845 3168 possessiones,
1926 3090 2069 3139 nee
2122 3092 2270 3141 non

96 3173 306 3267 ville,
362 3198 501 3276 per
535 3174 779 3297 ipsum
811 3171 1199 3275 quondam
1249 3170 1660 3247 Stihorium
1695 3189 1978 3246 tentum
2013 3171 2150 3246 suit
2197 3189 2272 3247 et

96 3307 418 3382 possesse
450 3285 892 3371 extiterunt,
949 3296 1369 3355 memorato
1415 3274 1648 3354 Paulo
1691 3277 2042 3378 Magistro
2082 3279 2271 3379 Aga·

96 3414 400 3480 sonum,
456 3389 759 3490 suisque
799 3387 1198 3463 heredibus
1238 3405 1315 3461 et
1357 3383 1916 3490 posteritatibus
1960 3387 2270 3460 Vniuer-

96 3496 179 3570 tis
213 3521 308 3570 ex
348 3499 548 3570 certa
588 3493 990 3592 Maiestatis
1031 3509 1289 3570 nostre
1324 3495 1631 3568 scientia
1667 3510 1745 3568 et
1774 3493 2021 3567 animo
2065 3491 2265 3566 deli-—

96 3605 373 3692 bei-ato,
414 3603 938 3704 Baronumque
973 3619 1055 3678 et
1094 3601 1929 3676 consiliariorum
1967 3617 2263 3675 nostro-
2308 3629 2319 3636 ·

96 3735 296 3804 um,
353 3707 444 3782 ad
489 3731 842 3818 praesens
877 3708 1266 3784 nobiscum
1301 3708 1789 3783 existencium
1811 3761 1838 3796 ,
1892 3705 1986 3778 ad
2027 3708 2101 3780 id
2141 3732 2263 3780 ac*

96 3815 401 3892 :edente
429 3814 752 3892 consilio
789 3829 1301 3916 praematuro,
1341 3813 1437 3889 de
1472 3815 1811 3889 manibus
1850 3816 2112 3887 nostris
2152 3839 2262 3887 re·-

96 3915 214 4027 giis
260 3911 650 4010 dedimus,
709 3921 1190 4013 domuimus,
1263 3940 1338 3996 et
1381 3921 1875 4016 contulimus3
1927 3921 2082 3994 imo
2119 3917 2259 3994 da·-
2360 3951 2363 3956 ·

96 4053 287 4121 uua,
330 4030 691 4105 donamus
731 4047 808 4105 et
841 4027 1342 4104 conferimus
1322 4054 1486 4103 mie
1538 4041 1905 4132 perpetuo
1943 4044 2019 4101 et
2060 4028 2261 4103 irre-⁹·

96 4137 530 4212 iocabiliter
562 4137 916 4226 tenenda,
955 4135 1434 4237 possidenda,
1473 4137 1752 4240 paritet·
1784 4151 1859 4210 et
1886 4133 2259 4228 habendo,

96 4243 302 4364 saluis
347 4244 632 4318 iuribus
667 4243 940 4319 alienis.
999 4242 1469 4333 Adiicentes‚
1511 4239 1772 4424 quod5
1736 4242 1815 4318 si
1776 4240 2256 4422 4praefatum
