2926 4849
612 503 765 572 388

496 730 729 790 catam
776 712 1116 785 extitisse
1143 710 1645 810 comperimus
1686 709 2107 804 manifeste3
2163 709 2256 786 ad
2299 721 2483 835 quas
2520 715 2697 816 qui—

459 807 668 895 'dem
715 836 1018 892 octauas
1055 816 1221 890 festi
1268 818 1476 890 Beati
1514 816 1777 890 Jacobi
1818 818 2201 920 Apostoli,
2258 822 2433 921 quia
2476 846 2707 924 prae-

501 927 689 1006 fatus
728 922 1136 1006 Ladisluus,
1186 921 1374 998 filius
1418 921 1814 1024 Deme-try,
1857 927 2141 1024 absque
2177 929 2384 1002 cuius
2424 929 2710 1004 scilicet
2750 979 2761 991 -

500 1032 916 1137 praesentia
952 1030 1146 1106 dicta
1189 1028 1764 1107 instrumentalis
1800 1030 2158 1108 exhibitio
2200 1033 2360 1108 fieri
2394 1037 2703 1141 nequit,

499 1169 635 1245 per
681 1137 1096 1261 praefatum
1150 1157 1719 1241 procuratorem
1784 1138 1964 1215 dicti
2020 1142 2455 1217 Conuentus
2503 1169 2701 1219 con-
2796 1135 2801 1142 ’

494 1248 693 1350 gruis
733 1244 1046 1320 diebus
1031 1272 1357 1349 ipsatum
1402 1258 1834 1321 octauarum
1875 1273 2127 1323 coram
2186 1241 2404 1324 nobis
2457 1276 2704 1355 expe-

488 1373 728 1432 clatus
757 1371 1083 1429 nostiam
1104 1354 1177 1425 in
1204 1354 1691 1456 praesentiam
1712 1375 1858 1427 non
1898 1358 2126 1446 venit,
2168 1382 2417 1461 neque
2454 1359 2655 1432 misit
2677 1412 2703 1451 ,
2810 1404 2825 1408 —

492 1459 620 1544 sed
645 1486 724 1534 se
759 1460 833 1536 in
859 1459 1137 1534 iudicio
1167 1461 1551 1562 aggrauari
1586 1463 1956 1562 permisit3
1998 1463 2254 1567 obque
2279 1465 2461 1538 haec
2498 1463 2703 1540 idem

487 1568 870 1650 Ladislaus
905 1584 1206 1671 petente
1211 1520 1582 1670 ”praefato
1627 1587 2114 1677 procui-atone
2152 1571 2333 1648 dicti
2358 1572 2707 1647 Conuen-

458 1696 606 1776 ⁶tus
641 1675 734 1748 ad
788 1677 1184 1778 praemissa
1223 1671 1666 1748 euocandus
1698 1674 1865 1748 fore
1924 1677 2339 1756 videbatur.
2406 1680 2551 1755 Pro
2598 1703 2701 1753 ‘eo

496 1785 769 1860 dictam
808 1779 1447 1858 instrumentalem
1509 1780 2090 1878 exhibitionem,
2148 1787 2347 1861 inter
2398 1804 2704 1861 annota-

495 1909 655 1968 tum
725 1908 1059 1965 actorem
1128 1887 1224 1961 ab
1298 1916 1433 1962 vna
1460 1941 1486 1975 ,
1557 1912 1644 1963 ac
1715 1890 2086 1992 praefatos
2155 1894 2549 1969 Dourinam
2622 1907 2701 1968 et

509 1997 980 2086 -Albertum
959 2023 1038 2071 ιη
1083 2022 1378 2071 causam
1435 2013 1787 2071 attractos
1843 1998 1934 2071 ad
1992 2018 2288 2075 octauas
2333 1999 2493 2075 sesti
2530 2000 2701 2103 Epi-

505 2104 950 2214 phaniatum
1014 2103 1320 2177 Domini
1387 2120 1569 2178 tunc
1624 2107 1918 2179 venturi
1985 2095 2516 2230 prorogantes,
2576 2132 2704 2182 ve-

500 2236 728 2288 stram
805 2210 1206 2285 amicitiam
1272 2211 1788 2312 praesentibus
1865 2216 2185 2322 petimus
2250 2215 2699 2316 diligenter,

502 2335 872 2421 quatenus
915 2333 1249 2393 vestrum
1295 2318 1597 2392 mittatis
1639 2317 2017 2395 hominem
2064 2319 2214 2428 'pro
2267 2320 2703 2406 testimonio

437 2464 440 2465 f
488 2427 650 2513 ‚fide
676 2426 1022 2529 dignum,
1065 2451 1246 2530 quo
1263 2443 1658 2530 praesente
1695 2411 2063 2532 Georgius
2086 2431 2213 2504 vel
2240 2429 2428 2506 alter
2460 2432 2703 2504 Geor—

506 2537 668 2638 gius
703 2531 949 2624 Rach,
1005 2533 1118 2606 sin
1174 2530 1596 2636 Stephanus
1634 2551 1759 2610 aut
1805 2533 2245 2615 Benedictus
2287 2536 2531 2631 Arda,
2572 2562 2706 2613 seu

517 2645 773 2717 Petrus
808 2639 901 2714 de
947 2637 1178 2731 Alba,
1215 2643 1373 2714 siue
1408 2641 1776 2742 Georgius
1813 2639 1906 2716 de
1944 2642 2182 2735 Chor,
2241 2669 2433 2721 neue
2475 2645 2707 2722 Beue·

510 2747 754 2823 dictus
801 2744 896 2820 de
925 2743 1398 2839 ‘Kerezthum
1456 2744 1612 2820 aliis
1649 2747 2103 2844 absentibus,
2158 2751 2384 2828 homo
2420 2769 2707 2844 noster,

508 2871 1001 2931 memoratum
1052 2851 1517 2945 Ladislaum,
1576 2851 1807 2930 filium
1854 2857 2205 2971 Georgii,
2263 2862 2566 2935 Petrum
2608 2855 2708 2933 de

513 2963 869 3062 Wattyan
894 3014 917 3056 ‚
1004 2960 1230 3036 dicta
1267 2961 1574 3038 litei-alia
1624 2964 2125 3040 instrumenta
2184 2965 2711 3059 exhibituros,

508 3098 591 3145 ac
626 3069 722 3146 de
764 3066 1042 3144 iudicio
1079 3065 1396 3145 duarum
1432 3096 1848 3145 marcarum
1885 3072 2100 3147 nobis
2141 3091 2219 3148 et
2249 3075 2464 3149 vuius
2497 3099 2710 3148 mar-

509 3204 680 3271 cae,
736 3195 812 3251 et
863 3192 1165 3251 centum
1227 3178 1531 3280 triginta
1556 3175 2043 3255 denariorum
2102 3181 2298 3282 parti
2352 3181 2710 3259 aduersae

441 3316 456 3324 ·
507 3285 1036 3361 satisfacturos
1047 3299 1309 3358 contra
1352 3298 1788 3360 annotatum
1836 3286 2307 3363 conuentum
2364 3284 2712 3365 crucife-

508 3419 765 3468 rorum
808 3389 903 3463 de
939 3387 1170 3475 Alba,
1227 3387 1319 3465 ad
1359 3389 1773 3494 praedictas
1820 3409 2116 3469 octauas
2174 3392 2341 3471 festi
2387 3392 2713 3498 Epipha-

514 3503 802 3576 niarum
825 3497 1127 3572 Domini
1147 3514 1482 3572 nostram
1501 3515 1770 3573 euocet
1792 3500 1868 3574 in
1896 3503 2403 3627 praesentiam.
2432 3503 2520 3577 Et
2536 3517 2712 3605 post

513 3607 736 3684 haee
703 3607 939 3712 ipsius
977 3604 1435 3680 euocationis
1473 3605 1738 3682 seriem
1762 3633 1936 3682 cum
1959 3612 2256 3685 nomine
2285 3612 2574 3688 euocati
2613 3606 2713 3682 ad

511 3713 805 3790 easdem
845 3731 1144 3787 octauas
1195 3711 1416 3787 nobis
1462 3712 1949 3789 amicabiliter
1997 3717 2450 3793 rescribatis.
2512 3715 2712 3805 Quia

509 3808 759 3896 autem
799 3818 1120 3924 praefata
1161 3819 1360 3895 dicta
1396 3820 1684 3896 Judicia
1730 3821 2049 3923 duarum
2095 3849 2519 3899 marcarum
2577 3848 2719 3898 no-

512 3928 619 4003 bis
658 3945 730 4004 et
767 3940 955 4031 parti
976 3927 1333 4003 aduersae
1376 3929 1806 4032 persoluere
1837 3929 2104 4005 deben.
2125 3957 2276 4007 non
2315 3929 2710 4037 persoluit,

505 4037 696 4111 ideo
708 4037 990 4110 ootauis
1030 4036 1106 4109 in
1144 4035 1421 4110 eisdem
1457 4062 1630 4112 cum
1656 4035 1947 4162 dupplo
1989 4038 2422 4141 persoluere
2462 4056 2715 4113 tenea·

506 4160 644 4217 tur.
688 4144 962 4217 Datum
997 4144 1246 4219 Budae
1285 4145 1911 4250 quinquagesimo
1948 4145 2197 4269 primo
2236 4147 2359 4224 die
2407 4142 2708 4225 termini
