2926 4849
2113 501 2260 574 *137
2349 489 2352 492 .

186 702 760 806 Epiphaniarum
802 705 1102 776 Domini
1154 730 1363 779 suam
1416 701 1681 782 evocet
1721 712 1796 781 in
1845 716 2365 813 praesentiam,

190 829 269 885 et
309 829 473 911 post
511 807 693 883 haec
741 810 968 912 ipsius
1026 813 1501 888 Evocationis
1538 815 1807 891 seriem
1865 843 2033 892 cum
2069 824 2367 898 nomine
2459 806 2464 812 .

188 916 499 992 Evocati
540 916 634 990 ad
681 914 988 991 Easdem
1035 937 1328 991 octavas
1378 918 1520 996 sibi
1574 921 2062 1000 amicabiliter
2108 932 2365 1002 rescri-

188 1022 487 1097 beretiS.
580 1023 774 1110 Quia
809 1041 1549 1099 autemmemoratus
1589 1025 1957 1106 Ladislaus
1997 1029 2191 1107 filius
2235 1036 2364 1110 Jo-

186 1131 399 1203 annis
457 1131 908 1232 praescripta
959 1130 1251 1204 Judicia
1294 1156 1425 1205 sex
1467 1159 1885 1224 marcarum
1940 1139 2016 1210 in
2067 1138 2364 1241 praefa-

187 1252 350 1310 tum
396 1238 801 1336 Geor‘gi-um
852 1235 1406 1332 fratrem's'uum
1462 1236 1849 1328 Carnalem
1893 1245 1967 1318 in
2019 1271 2371 1347 processu

187 1342 427 1417 dictae
462 1342 605 1417 litis
640 1342 1135 1435 accumulata,
1176 1361 1351 1418 tunc
1393 1346 1438 1415 J
1445 1344 1641 1419 udici
1677 1367 1760 1423 et
1795 1350 1984 1426 Parti
2018 1350 2370 1430 adversae

185 1449 617 1552 persolvere
649 1447 919 1523 deben.
967 1476 1115 1524 non
1141 1449 1538 1549 persolvit,
1580 1450 1749 1528 ideo
1788 1456 1864 1528 in
1898 1460 2187 1532 octavis
2213 1461 2369 1540 Eis-

188 1556 361 1630 dem
385 1582 555 1631 eum
591 1556 875 1659 dupplo
898 1556 1332 1658 persolvere
1362 1574 1766 1653 teneretur,
1803 1582 1878 1637 et
1901 1564 2173 1664 quibus
2215 1569 2376 1666 qui·

187 1660 361 1738 dem
408 1665 688 1737 octavis
730 1662 905 1737 dum
936 1664 1093 1768 ipsa
1138 1663 1730 1739 Instrumentalis
1772 1666 2153 1745 Exhibitio
2194 1702 2379 1777 par-

186 1789 301 1844 tes
345 1770 541 1843 inter
574 1767 877 1848 easdem
900 1768 991 1844 ad
1026 1770 1220 1843 diem
1250 1767 1536 1844 mediae
1576 1774 2181 1876 quadragesimae
2214 1803 2376 1883 spe·

188 1874 356 1952 ciali
395 1878 922 1952 Commissione
960 1880 1192 1979 Regia
1239 1894 1678 1979 prorogata,
1736 1884 2051 1984 ipsoque
2092 1881 2372 1959 Hono-

188 2010 277 2058 re
325 1984 761 2058 Palatinatus
803 2012 940 2088 per
977 1985 1210 2085 ipsam
1262 1985 1573 2084 Regiam
1624 1984 2106 2063 Clementiam
2158 1991 2372 2068 nobis

192 2088 366 2164 dato
420 2092 857 2180 exstitisset,
917 2089 1211 2164 tandem
1258 2092 1416 2190 ipso
1459 2090 1584 2165 die
1622 2090 1905 2168 mediae
1954 2096 2379 2199 quadrage-

119 2287 127 2296 ⁶
185 2197 415 2271 simae
484 2198 760 2271 instans
833 2197 1207 2300 praefatus
1277 2196 1793 2297 Sigismundus
1859 2200 2123 2277 Pechel
2197 2232 2374 2307 prae

187 2307 342 2406 ipsa
390 2304 703 2377 Domina
763 2303 989 2378 Elena
1036 2303 1395 2382 Consorte
1440 2304 1847 2381 Frankonis
1884 2306 1978 2381 de
2017 2307 2372 2386 Thallocz

192 2437 366 2486 cum
409 2410 943 2487 Procuratoriis
975 2409 1243 2493 Litoris
1274 2410 1596 2514 Capituli
1638 2412 2005 2490 Ecclesiae
2047 2413 2141 2491 de
2174 2417 2371 2496 Kew

194 2535 519 2594 nostram
549 2519 851 2593 veniens
887 2520 966 2591 in
1002 2516 1492 2619 praesentiam
1512 2519 1793 2595 Literas
1833 2538 2107 2596 vestras
2142 2548 2371 2627 super

189 2622 347 2727 ipsa
378 2624 837 2700 Evocatione
864 2621 1117 2699 Eidem
1151 2620 1793 2730 Archi-Episcopo
1830 2628 2370 2732 Rescriptiona-

190 2731 295 2804 les
347 2730 562 2804 nobis
620 2732 1165 2833 praesentavit,
1241 2733 1317 2805 in
1374 2729 1649 2833 quibus
1701 2752 1838 2835 per
1884 2734 2368 2813 Laurentium

190 2836 286 2913 de
327 2834 540 2936 Zych
589 2836 1063 2933 Palatipalem
1114 2863 1201 2909 ac
1238 2838 1665 2937 Magistrum
1712 2838 2087 2915 Andream
2124 2846 2363 2920 Cano-

189 2945 435 3017 uicum
478 2946 783 3020 minoris
814 2942 1182 3018 Ecclesiae
1222 2939 1487 3018 Beatae
1523 2944 1806 3020 Mariae
1856 2945 2173 3048 Virginis
2210 2951 2360 3041 col]-

187 3050 467 3152 legatae
528 3053 605 3125 in
658 3049 919 3126 Castro
974 3046 1403 3123 Van-adiensi
1459 3046 1804 3125 fundatae
1864 3049 2048 3126 feria
2102 3050 2359 3156 quinta

189 3161 529 3259 proxima
584 3175 751 3232 ante
791 3157 1087 3230 Festum
1135 3156 2066 3232 Circumcisionis'Domini
2105 3165 2361 3263 proxi·

188 3292 312 3341 me
363 3267 845 3370 praeteritum
892 3281 1385 3338 memoratum
1434 3262 1893 3365 Stephanum
1934 3262 2162 3361 filium
2202 3269 2360 3344 Sta.

186 3374 399 3447 nislai
438 3371 532 3447 de
570 3369 845 3446 Bathor
889 3372 1280 3472 praemissa
1316 3370 1658 3471 Literalia
1703 3397 1832 3445 sua
1866 3372 2360 3453 Instrumenta

187 3478 729 3569 exhibiturum,
783 3500 871 3551 ac
903 3475 996 3550 de
1040 3476 1334 3552 Judieio
1384 3503 1657 3553 novem
1695 3503 2110 3553 marcarum
2145 3481 2359 3583 nobis

187 3604 264 3660 et
300 3587 490 3688 parti
537 3585 884 3657 adversae
935 3584 1471 3659 satisfacturum
1518 3586 1594 3657 in
1639 3587 1977 3685 portione
2019 3613 2152 3660 sua
2195 3617 2358 3690 pos·

183 3691 634 3766 sessionaria-
665 3694 739 3764 in
799 3691 1255 3764 Possessione
1328 3689 1699 3765 Perechen
1756 3708 2014 3765 vocata
2076 3691 2356 3789 habita,

184 3817 445 3873 eontra
484 3812 904 3873 annotatam
962 3797 1354 3870 Dominam
1406 3797 1733 3872 nobilem
1788 3796 2089 3874 Elenam
2125 3826 2358 3877 voca-

186 3919 340 3978 tam
398 3903 838 3978 Consortem
887 3902 1184 4004 Egregii
1243 3904 1651 3977 Frankonis
1711 3902 1803 3976 de
1843 3895 2205 3982 ‘Thanbcz
2267 3907 2361 3983 ad

181 4010 418 4084 dictas
483 4028 775 4085 octavas
832 4008 1021 4083 Festi
1067 4008 1641 4112 Epiphaniarum
1699 4010 1998 4085 Domini
2035 4013 2362 4114 legitime

190 4136 584 4192 evocatum
643 4117 1004 4191 exstitisse
1068 4119 1569 4218 comperimus
1622 4119 1936 4204 seriose,
1990 4115 2085 4190 ad
2137 4148 2364 4223 quem
2475 4113 2481 4117 ’

190 4222 503 4324 quidem
559 4222 756 4297 diem
802 4220 1080 4297 mediae
1131 4221 1729 4327 quadragesimae
1779 4225 1952 4327 quia
1997 4226 2363 4328 praefatus

307 4330 511 4405 Tom.
555 4333 654 4404 X.
678 4331 849 4406 Vol.
889 4330 1049 4403 Vll.
1882 4335 1984 4406 47
